2496 3908
123 229 186 294 134
604 240 694 290 mvr
980 241 1078 306 [soon
1090 243 1176 293 xxx.

72 429 101 473 aa
123 418 309 496 irrogemus.
355 416 429 479 Non
455 436 652 492 recusamus,
679 417 759 496 quin
784 418 905 494 omnia,
931 424 1067 497 propter
1092 438 1177 498 quae

122 517 164 579 ad
189 516 311 580 bellum
336 517 420 579 itum
445 524 505 592 est,
532 523 642 579 vestra
668 518 748 594 sint,
771 517 889 593 Sicilia,
917 518 1078 594 Sardinia,
1107 519 1180 581 His-

121 617 230 696 pania,
257 616 418 696 quidquid
444 616 624 678 insularum
651 622 723 679 toto
749 617 835 679 inter
859 616 1006 679 Africam
1032 618 1180 681 Italiam·
1233 660 1236 668 -

71 728 101 774 ao
122 737 185 796 que
222 716 408 779 continetur
443 716 535 777 mari.
580 715 863 795 Carthaginienses
899 716 1014 780 inclusi
1050 718 1180 782 Africae

121 817 270 879 litoribus
304 837 372 892 vos,
408 816 541 895 quando
575 815 621 878 ita
656 816 705 878 dis
738 815 873 895 placuit,
908 823 1044 879 externa
1078 819 1180 881 etiam

71 926 100 972 27
121 922 207 979 terra
231 917 378 994 marique
402 915 572 977 videamus
591 922 743 994 regentes
767 916 912 996 imperio.
958 916 1058 979 Haud
1083 937 1179 997 nega-

121 1017 223 1078 verim
251 1022 385 1094 propter
412 1034 477 1076 non
493 1015 589 1076 nimis
617 1016 739 1077 sincere
767 1016 907 1094 petitam
929 1022 987 1078 aut
1010 1023 1179 1097 exspecta-

121 1122 192 1177 tam
213 1134 316 1194 nuper
337 1134 452 1193 pacem
473 1120 660 1193 suspectam
682 1134 751 1177 esse
772 1115 867 1176 vobis
889 1115 1047 1178 Punicam
1069 1116 1177 1179 fidem.

121 1214 272 1289 Multum,
303 1234 360 1293 per
389 1233 470 1293 quos
499 1214 604 1293 petita
633 1213 686 1289 sit,
717 1213 759 1275 ad
788 1213 886 1276 fidem
916 1214 1060 1277 tuendae
1088 1217 1179 1294 pacis

71 1324 100 1368 2⁸
121 1315 272 1393 pertinet,
298 1313 415 1392 Scipio
482 1314 589 1375 Vestri
613 1332 755 1392 quoque,
780 1319 818 1375 ut
842 1308 951 1389 audio,
977 1321 1088 1393 patres
1111 1335 1178 1377 non

121 1413 199 1474 nihil
225 1414 325 1475 etiam
351 1413 392 1474 ob
419 1412 489 1488 hoc,
516 1412 593 1491 quia
618 1432 736 1491 parum
761 1412 931 1490 dignitatis
957 1413 990 1473 in
1015 1412 1179 1492 legatione

71 1521 101 1567 29
120 1520 201 1589 erat,
236 1519 438 1591 negaverunt
471 1532 602 1590 pacem:
648 1512 815 1574 Hannibal
849 1518 927 1591 peto
961 1533 1087 1591 paoem,
1122 1514 1178 1593 qui

121 1632 225 1692 neque
255 1619 408 1690 peterem,
438 1612 499 1673 nisi
528 1611 643 1673 utilem
673 1610 846 1687 crederem,
876 1618 909 1673 et
938 1617 1074 1691 propter
1102 1632 1178 1675 ean-

71 1720 100 1766 30
121 1712 196 1774 dem
208 1712 387 1773 utilitatem
399 1710 517 1772 tuebor
528 1730 612 1786 eam,
626 1716 760 1788 propter
773 1730 873 1788 quam
886 1711 975 1789 petii.
1021 1711 1066 1773 Et
1079 1731 1178 1790 quem

121 1811 163 1874 ad
190 1810 335 1886 modum,
364 1811 440 1889 quia
468 1831 487 1871 a
514 1829 566 1872 me
593 1809 715 1872 bellum
743 1816 895 1888 coeptum
923 1816 983 1886 est,
1011 1830 1052 1872 ne
1079 1830 1177 1890 quem

120 1911 188 1973 eius
218 1910 408 1989 paeniteret,
441 1908 549 1988 quoad
580 1909 640 1987 ipsi
670 1908 815 1970 invidere
845 1909 906 1984 dei,
937 1910 1099 1988 praestiti,
1131 1911 1177 1973 ita

121 2010 261 2086 adnitar,
282 2029 322 2072 ne
341 2028 438 2089 quem
458 2009 547 2088 pacis
565 2028 624 2086 per
642 2028 693 2071 me
712 2014 827 2086 partae
846 2009 1036 2087 paeniteat'

70 2123 110 2172 31
164 2110 329 2172 Adversus
369 2107 448 2170 haec
489 2109 667 2187 imperator
707 2108 877 2169 Romanus
918 2109 951 2168 in
988 2108 1073 2171 hanc
1110 2109 1177 2173 fere

121 2211 318 2272 sententiam
357 2207 539 2286 respondit:
600 2208 682 2268 ‘non
720 2227 772 2269 me
810 2207 956 2283 fallebat,
997 2209 1176 2286 Hannibal,

121 2310 283 2372 adventus
320 2309 368 2370 tui
405 2327 462 2386 spe
498 2306 780 2385 Carthaginienses
816 2312 850 2368 et
887 2312 1093 2385 praesentem
1131 2310 1178 2370 in-

85 2409 288 2471 adutiarum
315 2407 413 2469 fidem
441 2412 474 2468 et
502 2426 593 2485 spem
621 2407 710 2485 pacis
738 2407 887 2469 turbasse
895 2427 903 2482 ;
943 2426 1049 2486 neque
1078 2414 1116 2470 tu
1144 2408 1177 2470 id

120 2528 197 2571 sane
220 2507 413 2581 dissimulas,
437 2507 493 2586 qui
516 2506 556 2568 de
580 2506 823 2568 condicionibus
846 2506 1066 2585 superioribus
1088 2509 1178 2586 pacis

121 2609 230 2670 omnia
251 2607 426 2669 subtrahas
447 2613 577 2685 praeter
597 2625 645 2681 ea,
669 2626 753 2685 quae
776 2607 840 2667 iam
862 2606 988 2684 pridem
1009 2606 1042 2667 in
1065 2614 1178 2670 nostra

86 2724 100 2768 3
121 2713 285 2788 potestate
308 2713 394 2768 sunt.
440 2706 591 2767 Ceterum
613 2712 651 2768 ut
674 2707 735 2768 tibi
759 2726 854 2767 curae
876 2712 926 2768 est
948 2707 1069 2769 sentire
1092 2708 1178 2770 cives

121 2814 206 2883 tuos,
227 2813 352 2886 quanto
371 2826 429 2884 per
448 2812 480 2868 te
501 2825 596 2867 onere
615 2805 775 2881 leventur,
796 2807 841 2867 sic
861 2805 940 2866 mihi
959 2805 1178 2869 laborandum

121 2914 180 2984 est,
208 2927 258 2983 ne,
289 2907 340 2985 [si]
368 2926 451 2985 quae
479 2912 557 2967 tunc
584 2906 788 2984 pepigerunt,
818 2905 913 2967 hodie
940 2906 1110 2968 subtracta
1138 2927 1179 2969 ex

86 3026 101 3070 4
123 3007 365 3070 condicionibus
386 3006 475 3084 pacis
495 3007 639 3084 praemia
661 3005 815 3084 perfidiae
835 3004 989 3070 habeant.
1036 3006 1176 3085 Indigni,

122 3107 240 3188 quibus
255 3107 369 3168 eadem
386 3111 499 3184 pateat
517 3105 672 3179 condicio,
689 3105 790 3166 etiam
806 3110 844 3165 ut
860 3104 962 3182 prosit
978 3105 1073 3166 vobis
1088 3106 1177 3168 fraus

121 3206 242 3288 petitis.
289 3207 402 3284 Neque
431 3212 541 3284 patres
569 3205 672 3265 nostri
702 3204 823 3282 priores
853 3203 893 3264 de
923 3204 1042 3279 Sicilia,
1073 3224 1179 3284 neque

122 3328 181 3369 nos
200 3307 239 3368 de
259 3306 418 3384 Hispania
436 3305 572 3366 fecimus
590 3303 727 3378 bellum,
758 3309 791 3364 et
810 3309 889 3364 tunc
908 3303 1178 3366 Mamertinorum

122 3408 283 3470 sociorum
303 3404 482 3484 periculum
503 3410 536 3466 et
557 3423 644 3465 nunc
665 3403 802 3481 Sagunti
823 3402 987 3464 excidium
1009 3404 1103 3466 nobis
1125 3405 1177 3483 pia

86 3517 102 3562 t
123 3529 160 3570 ac
178 3507 264 3569 iusta
282 3505 458 3567 induerunt
476 3522 583 3566 arma:
613 3522 672 3564 vos
689 3502 853 3564 lacessisse
872 3509 905 3564 et
923 3509 961 3564 tu
979 3503 1047 3581 ipse
1065 3504 1178 3566 fateris
