2496 3908
995 260 1093 325 [Boon
1102 258 1164 311 lel

547 344 632 429 ad)

122 437 216 501 alta
209 438 326 514 racuit;
357 438 505 518 adeoque
524 422 652 516 pluteos
671 456 709 498 ac
728 435 841 499 vincas
858 434 1089 499 Romanorum
1105 454 1168 515 ope

77 516 293 611 drueratut
254 544 354 605 utea
377 538 446 600 sola
469 537 599 616 ignibus
622 535 819 615 aliquotiens
842 535 968 598 coniect
954 534 1065 597 tabis
1087 534 1169 599 hoste

27 594 100 690 t„
121 637 223 700 etiam
259 608 536 701 tdttldelltumf
521 636 630 699 fuerit.
676 637 857 709 Postremo,
895 653 971 696 cum
1007 634 1169 699 Amusicus

34 782 38 791 .
122 737 271 818 princeps
292 757 406 800 eorum
428 737 471 798 ad
494 735 737 798 Hasdrubalem
759 733 966 815 profugisset,
991 734 1109 813 viginti
1128 753 1170 796 ar-

121 837 210 915 genti
238 837 371 901 talentis
398 836 487 916 pacti
516 836 692 898 deduntur.
736 834 956 896 Tarraconem
982 832 1017 895 in
1045 832 1171 898 hiberna

56 968 64 979 =
123 937 264 999 reditum
279 943 339 999 est.

72 1059 114 1107 02
166 1036 290 1099 Romae
308 1042 367 1098 aut
386 1036 469 1098 circa
487 1036 603 1098 urbem
621 1033 726 1096 multa
743 1053 782 1097 ca
800 1032 906 1096 hieme
924 1033 1075 1113 prodigia
1091 1033 1171 1096 facta

123 1143 192 1211 aut,
218 1137 307 1215 quod
331 1136 460 1199 evenire
485 1135 567 1197 solet
593 1134 692 1196 motis
716 1133 814 1196 semel
839 1133 873 1194 in
898 1132 1089 1211 religionem
1112 1132 1172 1196 ani·
1214 1212 1216 1225 Ι

87 1261 100 1303 2
123 1236 193 1310 mis,
213 1235 317 1297 multa
335 1235 489 1297 nuntiata
507 1240 541 1297 et
559 1240 681 1296 temere
701 1233 824 1296 credita
841 1238 929 1308 sunt,
949 1233 984 1294 in
1002 1233 1077 1313 quis
1093 1233 1172 1312 inge-

122 1355 224 1397 nuum
255 1334 416 1397 infantem
449 1341 638 1396 semestrem
664 1334 697 1393 in
721 1333 792 1395 foro
818 1332 948 1394 olitorio
973 1332 1173 1414 triumphum

87 1458 101 1500 a
123 1435 287 1510 clamasse,
311 1442 344 1497 et
368 1435 494 1497 infero
517 1434 630 1496 boario
653 1433 774 1496 bovem
796 1433 829 1493 in
853 1432 988 1495 tertiam
1011 1434 1173 1513 contigna-

122 1535 245 1596 tionem
268 1554 327 1597 sua
350 1542 467 1614 sponte
489 1534 670 1596 escendisse
693 1540 794 1613 atque
817 1532 893 1596 inde
916 1533 1066 1596 tumultu
1089 1533 1173 1596 habi·

86 1641 269 1699 rtatorum
293 1636 444 1698 territum
469 1654 537 1697 sese
563 1634 725 1708 deiecisse,
751 1639 785 1697 et
810 1633 948 1695 navium
971 1634 1116 1713 speciem
1138 1634 1174 1697 de

123 1734 210 1797 caelo
244 1734 424 1809 adfulsisse,
451 1740 484 1796 et
511 1733 626 1796 aedem
659 1733 745 1812 Spei,
772 1753 857 1812 quae
890 1739 941 1795 est
966 1732 1000 1793 in
1025 1733 1099 1797 foro
1123 1733 1174 1797 oli·

122 1835 215 1908 torio,
241 1834 377 1896 fulmine
401 1835 512 1909 ictam,
537 1840 571 1895 et
596 1833 723 1895 Lanuvi
749 1832 881 1894 hastam
904 1852 938 1895 se
964 1834 1174 1896 commovisse

121 1940 154 1995 et
173 1953 307 1995 corvum
324 1934 357 1993 in
376 1934 490 1996 aedem
508 1932 644 1994 Iunonis
663 1932 830 1995 devolasse
848 1938 950 2012 atque
967 1931 1001 1993 in
1019 1933 1092 2013 ipso
1109 1933 1175 2015 pul·

86 2032 226 2098 svinari
264 2033 454 2108 consedisse,
484 2040 517 2096 et
546 2033 578 2092 in
608 2051 685 2110 agro
713 2031 919 2095 Amiternino
956 2033 1071 2096 multis
1102 2034 1175 2097 locis

122 2132 291 2194 hominurn
310 2133 415 2210 specie
434 2132 545 2212 procul
566 2132 706 2194 candida
724 2138 816 2194 veste
835 2131 922 2194 visos
940 2152 1000 2196 nec
1020 2152 1097 2196 cum
1114 2133 1176 2197 ullo

123 2251 318 2310 congressos,
339 2238 372 2294 et
392 2233 424 2292 in
445 2232 563 2293 Piceno
583 2231 747 2309 lapidibus
767 2230 920 2310 pluvisse,
940 2238 975 2294 et
993 2232 1095 2297 Caere
1113 2252 1176 2297 sor·

122 2339 171 2395 tes
183 2338 389 2405 extenuatas,
404 2338 437 2392 et
450 2331 483 2391 in
496 2331 602 2392 Gallia
615 2330 731 2409 lupum
744 2330 832 2409 vigili
846 2331 991 2409 gladium
1003 2353 1047 2395 ex
1059 2333 1176 2413 vagina

86 2456 100 2499 c
122 2439 253 2511 raptum
279 2431 460 2493 abstulisse.
506 2430 556 2492 Ob
583 2437 690 2493 cetera
715 2430 862 2509 prodigia
886 2431 985 2494 libros
1010 2433 1102 2497 adire
1126 2434 1177 2496 de-

123 2532 253 2594 cemviri
284 2531 376 2606 iussi;
419 2531 507 2609 quod
537 2538 650 2593 autem
679 2530 844 2609 lapidibus
874 2530 1034 2610 pluvisset
1064 2533 1099 2594 in
1128 2533 1177 2595 Pi-

123 2652 200 2694 ceno
225 2630 430 2693 novemdiale
454 2650 584 2691 sacrum
608 2630 764 2705 edictum,
789 2636 823 2692 et
847 2630 986 2695 subinde
1011 2631 1084 2695 aliis
1108 2653 1178 2714 pro-

87 2752 99 2796 ι
123 2731 273 2793 curandis
298 2750 397 2809 prope
422 2736 494 2792 tota
520 2730 635 2792 civitas
660 2736 796 2808 operata
819 2730 894 2793 fuit.
940 2731 1012 2792 lam
1037 2733 1178 2812 primum

122 2831 269 2894 omniurn
300 2831 378 2892 urbs
409 2830 550 2892 lustrata
515 2836 631 2892 test
664 2830 856 2910 hostiaeque
889 2831 1027 2895 maiores
1060 2833 1178 2914 quibus

87 2948 101 2992 a
122 2931 247 2993 ed1tum
276 2937 326 2992 est
350 2930 410 2991 diis
441 2950 562 3005 caesae,
588 2937 621 2992 et
646 2930 769 2991 donum
792 2950 833 2992 ex
859 2931 928 2992 auri
959 2932 1072 3010 pondo
1101 2953 1178 3014 qua·

124 3030 274 3108 draginta
313 3029 498 3091 Lanuvium
528 3030 647 3090 Iunoni
686 3050 746 3108 por
747 3036 857 3092 tatum
894 3037 954 3104 est,
985 3038 1019 3094 et
1048 3033 1177 3112 signum

123 3149 259 3192 aeneum
286 3136 454 3191 matronae
480 3129 630 3191 Iunoni
624 3149 656 3189 m
682 3129 847 3191 Aventino
873 3130 1120 3209 dedicaverunt,
1145 3138 1178 3196 et

123 3229 358 3292 lectisternium
391 3229 500 3302 Caere,
526 3228 581 3290 ubi
606 3235 709 3290 sortes
733 3235 925 3292 attenuatae
949 3238 1054 3307 erant,
1080 3232 1179 3312 impe-

88 3336 232 3391 tratum
256 3334 289 3391 et
313 3328 508 3407 supplicatio
533 3328 698 3390 Fortunae
722 3329 755 3388 in
780 3328 911 3406 Algido;
948 3329 1076 3394 Rornae
1100 3352 1178 3412 quo-

45 3456 48 3463 ,
124 3449 186 3506 que
210 3435 243 3490 et
266 3428 501 3490 lectisternium
527 3427 695 3489 Iuventati
719 3435 752 3489 et
776 3428 972 3506 supplicatio
997 3429 1040 3491 ad
1064 3431 1178 3495 aedem

126 3527 272 3591 Herculis
298 3527 503 3601 nominatim,
531 3526 648 3589 deinde
674 3527 825 3589 universo
852 3527 973 3606 populo
1001 3529 1086 3592 circa
1111 3551 1178 3593 orn·

40 960 54 1059 i
