2496 3908
118 218 181 282 108
603 227 693 278 arvr
964 227 1060 293 [13001
1074 228 1173 277 xxvi.

118 403 240 468 bellum
263 411 413 483 gesturos
438 405 592 468 transisse
616 402 709 483 Alpis
716 425 725 480 ;
760 402 818 466 ubi
842 402 1014 466 Romanae
1038 403 1177 481 legiones

117 505 194 581 sint,
218 505 262 566 ibi
284 511 318 568 et
340 504 660 583 Carthaginiensium
680 504 843 567 exercitus
864 501 982 566 debere
1002 521 1083 565 esse.
1127 502 1177 566 Sic

118 605 161 667 ad
182 605 323 680 Cannas,
346 605 392 667 sio
414 604 457 666 ad
478 605 743 667 Trasumennum
764 623 833 666 rem
854 601 937 666 bene
957 609 1088 680 gestam
1109 623 1177 666 coe-

117 704 207 768 undo
231 704 498 784 conferundoque
522 724 597 766 cum
619 703 714 767 hoste
738 709 856 778 castra,
880 702 1052 765 fortunam
1074 708 1177 782 temp-

69 811 97 857 15
118 805 230 867 tando¹
276 805 316 866 In
334 804 419 867 hanc
438 804 638 867 sententiam
655 803 785 866 litterae
804 802 1008 881 conscriptae
1026 801 1177 865 Numidis

118 905 286 984 proposita
298 904 446 968 mercede
457 924 530 968 eam
543 904 695 983 professis
707 922 842 982 operam
853 902 986 964 dantur.
1032 901 1062 962 Ii
1073 902 1177 981 specie

118 1004 362 1083 transfugarum
389 1003 533 1067 eumad
560 1002 715 1066 Flaccum
740 1004 774 1064 in
801 1009 908 1065 castra
934 1001 1113 1078 venissent,
1140 1009 1177 1064 ut

118 1103 193 1166 inde
222 1111 370 1184 tempore
400 1111 498 1184 capto
528 1102 667 1179 abirent,
699 1103 880 1182 famesque,
911 1121 996 1181 quae
1025 1101 1093 1164 iam
1122 1101 1177 1164 diu

116 1203 248 1282 Capuae
274 1211 354 1280 erat,
382 1204 462 1267 nulli
489 1224 555 1266 non
582 1202 787 1283 probabilem
813 1222 946 1264 causam
973 1201 1177 1264 transitionis
1211 1231 1215 1237 -

70 1319 97 1363 ro
117 1303 249 1379 faceret,
268 1304 384 1366 mulier
400 1311 533 1383 repente
549 1304 719 1382 Campana
735 1304 769 1364 in
787 1310 895 1365 castra
912 1302 1014 1378 venit,
1032 1308 1178 1365 scortum

118 1404 362 1482 transfugarum
383 1405 489 1480 unius,
512 1403 703 1483 indicatque
724 1403 915 1482 imperatori
935 1400 1089 1465 Romano
1111 1402 1177 1464 Nu-

119 1502 223 1564 midas
255 1503 370 1566 fraude
404 1504 585 1582 composita
621 1504 775 1566 transisse
799 1503 992 1582 litterasque
1017 1501 1059 1564 ad
1089 1503 1177 1565 Han-

70 1613 96 1659 17
118 1602 260 1665 nibalem
282 1602 382 1665 ferre:
416 1603 449 1665 id
471 1623 575 1665 unum
596 1623 638 1666 ex
659 1604 708 1679 iis,
732 1603 788 1683 qui
810 1603 872 1664 sibi
895 1622 964 1666 rem
985 1602 1176 1681 aperuisset,

119 1720 251 1780 arguere
273 1722 342 1765 sese
366 1709 517 1782 paratam
539 1723 618 1765 esse.
663 1692 848 1765 Productus
871 1703 977 1782 primo
999 1702 1081 1764 satis
1104 1722 1177 1764 con-

118 1807 246 1864 stanter
267 1803 414 1880 ignorare
437 1822 471 1864 se
495 1802 664 1865 mulierem
686 1802 881 1879 simulabat;
917 1801 1081 1881 paulatim
1103 1802 1177 1864 dein

120 1902 289 1964 convictus
316 1903 410 1977 veris,
438 1922 512 1964 cum
538 1909 704 1965 tormenta
731 1903 819 1981 posci
845 1909 879 1964 et
906 1902 1013 1980 parari
1040 1901 1176 1976 videret,

118 2001 224 2063 fassus
243 2001 276 2063 id
295 2001 342 2064 ita
361 2021 439 2076 esse,
460 2001 654 2081 litteraeque
674 2002 831 2080 prolatae,
851 2008 885 2064 et
904 2000 1058 2064 additum
1076 2002 1178 2065 etiam

70 2113 98 2158 18
119 2101 249 2176 indicio,
283 2101 372 2180 quod
406 2101 583 2177 celabatur,
617 2107 650 2162 et
683 2101 763 2163 alios
794 2101 900 2179 specie
933 2101 1178 2179 transfugarum

70 2212 98 2255 19
120 2200 279 2262 Numidas
294 2201 405 2278 vagari
420 2201 453 2261 in
469 2201 583 2263 castris
598 2200 766 2262 Romanis.
812 2201 845 2276 Ii,
854 2219 953 2279 supra
966 2201 1177 2279 septuaginta

120 2300 300 2378 comprensi
322 2306 356 2362 et
380 2320 454 2361 cum
477 2300 655 2378 transfugis
677 2301 772 2362 novis
795 2299 930 2362 mulcati
953 2300 1052 2378 virgis
1075 2300 1178 2363 mani·

119 2399 245 2478 busque
270 2400 421 2478 praecisis
444 2400 593 2478 Capuam
617 2400 819 2478 rediguntur.
864 2400 1085 2479 Conspectum
1108 2407 1178 2462 tam

121 2500 214 2561 triste
247 2499 444 2578 supplicium
478 2499 574 2576 fregit
616 2500 742 2562 animos
783 2500 1036 2579 Campanorum.
1096 2500 1177 2562 Con-

73 2609 111 2657 13
123 2618 233 2660 cursus
255 2599 297 2660 ad
319 2600 442 2661 curiam
463 2599 575 2678 populi
596 2600 704 2662 factus
727 2601 831 2679 coegit
853 2600 1005 2663 Loesium
1026 2606 1178 2662 senatum

122 2718 254 2774 vocare,
295 2705 329 2761 ct
360 2699 567 2777 primoribus,
599 2700 655 2779 qui
686 2700 753 2761 iam
783 2701 839 2762 diu
870 2700 1008 2779 publicis
1039 2700 1178 2761 consiliis

121 2798 268 2873 aberant,
288 2797 458 2877 propalam
476 2799 699 2875 minabantur,
717 2801 779 2861 nisi
798 2801 947 2863 venirent
964 2800 997 2860 in
1015 2806 1177 2875 senatum,

122 2898 205 2959 circa
231 2897 345 2958 domos
370 2918 484 2959 eorum
510 2899 613 2961 ituros
639 2919 673 2962 se
699 2907 733 2962 et
760 2900 792 2960 in
819 2900 988 2979 publicum
1014 2899 1120 2961 omnis
1146 2899 1178 2959 vi

85 3011 100 3056 a
120 3004 325 3059 extracturos
349 3017 427 3059 csse.
474 2998 506 3058 ls
531 2998 631 3060 timor
654 2999 860 3079 frequentem
884 3007 1037 3062 senatum
1062 2999 1177 3078 magis-

121 3097 222 3159 tratui
246 3096 407 3174 praebuit.
453 3097 504 3158 Ibi
527 3117 602 3159 cum
625 3099 721 3161 ceteri
744 3099 921 3178 delegatis
944 3101 1114 3163 mittendis
1136 3099 1178 3161 ad

121 3197 332 3274 imperatores
352 3196 521 3258 Romanos
541 3204 685 3275 agerent,
706 3198 821 3260 Vibius
841 3200 975 3275 Virrius
998 3201 1053 3279 qui
1075 3200 1178 3262 defec-

121 3296 219 3359 tionis
237 3301 352 3356 auctor
369 3296 410 3357 ab
429 3296 587 3358 Romanis
605 3297 723 3372 fuerat,
743 3298 963 3376 interrogatus
980 3301 1179 3362 sententiam

86 3409 100 3454 3
121 3403 219 3473 negat
232 3415 296 3469 eoa,
312 3395 367 3474 qui
382 3395 421 3457 de
435 3396 550 3472 legatis
563 3403 596 3457 ct
611 3397 651 3458 de
665 3416 744 3475 pace
759 3418 796 3459 ac
811 3399 976 3461 deditione
990 3400 1177 3478 loquantur,

123 3494 315 3569 meminisse,
340 3514 397 3555 nec
422 3493 501 3573 quid
524 3494 644 3555 facturi
667 3495 800 3572 fuerint,
825 3498 851 3559 si
875 3498 1043 3568 Romanos
1066 3498 1099 3559 in
1124 3518 1179 3576 po-
