2496 3908
126 238 190 304 142
610 252 700 303 mur
813 303 817 309 ,
989 253 1189 318 [sooxmnx.

128 427 270 504 monitis,
282 435 319 491 ut
331 435 382 490 tot
394 427 540 491 cladibus
550 429 658 492 edocti
669 429 805 492 tandem
815 429 892 492 deos
902 435 936 493 et
947 430 997 492 ius
1008 429 1184 493 iurandum

128 546 196 590 esse
217 528 393 604 crederent,
415 529 619 591 condiciones
639 529 729 607 pacis
749 529 867 605 dictae,
888 535 927 592 ut
947 529 1040 592 liberi
1060 529 1187 609 legibus

91 639 106 684 a
127 627 193 689 suis
207 628 371 704 viverent;
396 648 478 708 quas
491 629 587 692 urbes
601 648 748 708 quosque
761 649 855 707 agros
868 629 1054 709 quibusque
1066 630 1187 693 finibus

127 733 204 789 ante
224 727 345 789 bellum
365 728 557 804 tenuissent,
579 734 738 804 tenerent,
759 728 1006 808 populandique
1025 729 1127 792 finem
1146 749 1185 792 eo

90 848 105 893 a
126 827 178 890 die
199 827 369 890 Romanus
389 829 527 904 faceret;
561 829 713 906 perfugas
733 828 956 908 fugitivosque
976 835 1011 892 et
1034 830 1186 909 captivos

126 946 238 989 omnes
249 927 422 990 redderent
433 927 592 990 Romanis
603 934 636 990 et
648 947 749 990 naves
760 934 920 991 rostratas
930 934 1062 1008 praeter
1073 928 1186 991 decem
1238 940 1240 944 “

126 1028 273 1090 triremes
286 1027 454 1090 traderent
468 1027 734 1107 elephantosque,
750 1027 1015 1115 quoshaberent,
1030 1028 1184 1103 domitos,
1234 1010 1240 1025 ’

90 1147 105 1192 4
126 1147 231 1207 neque
250 1127 422 1189 domarent
441 1127 536 1204 alios;
567 1127 689 1190 bellum
708 1147 790 1208 neve
808 1128 842 1189 in
860 1128 971 1190 Africa
989 1147 1072 1190 neve
1090 1133 1184 1190 extra

126 1227 269 1289 Africam
291 1227 413 1289 iniussu
433 1226 545 1305 populi
566 1227 708 1289 Romani
728 1233 892 1320 gererent;
925 1227 1116 1290 Masinissae
1135 1246 1185 1289 res

90 1344 106 1390 a
126 1327 298 1390 redderent
314 1326 494 1406 foedusque
511 1346 585 1388 curn
601 1346 639 1388 eo
655 1327 816 1404 facerent;
843 1327 1047 1390 immeutum
1063 1327 1185 1407 stipen-

127 1427 282 1507 diumque
303 1426 441 1502 auxiliis,
463 1426 566 1489 donec
587 1425 629 1489 ab
650 1427 758 1489 Roma
778 1427 878 1505 legati
899 1426 1070 1503 redissent,
1093 1446 1189 1507 prae·

126 1533 262 1590 starent.
306 1526 426 1588 Decem
453 1526 541 1588 milia
568 1525 731 1589 talentum
757 1526 894 1606 argenti,
922 1526 1079 1606 discripta
1105 1546 1191 1606 pen--

91 1647 106 1693 a
127 1626 271 1689 sionibus
286 1626 398 1705 aequis
414 1616 447 1686 in
463 1645 565 1688 annos
581 1626 833 1705 quinquaginta,
849 1625 1030 1702 solverent;
1058 1625 1188 1689 obsides

128 1732 259 1788 centum
292 1725 455 1788 arbitratu
488 1725 647 1804 Scipionis
681 1725 808 1800 darent,
843 1744 884 1788 ne
915 1725 1057 1787 minores
1090 1731 1187 1805 quat·

127 1825 308 1888 tuordecim
334 1825 428 1886 annis
454 1844 517 1887 neu
544 1824 679 1903 triginta
706 1824 854 1886 maiores
900 1824 1053 1886 Indutias
1079 1825 1127 1887 ita
1153 1844 1186 1888 se

128 1926 293 2000 daturum,
315 1925 341 1986 si
362 1944 420 2003 per
439 1924 561 2003 priores
583 1924 727 1986 indutias
748 1943 849 1986 naves
870 1924 1037 1986 onerariae
1058 1930 1185 2004 captae,

127 2044 276 2106 quaeque
302 2024 440 2086 fuissent
466 2024 499 2084 in
525 2023 675 2099 navibus,
703 2024 954 2086 restituerentur
960 2044 969 2100 ;
1007 2023 1104 2087 aliter
1128 2043 1188 2086 nec

127 2125 272 2188 indutias
291 2144 350 2186 nec
369 2143 459 2202 spem
478 2123 568 2202 pacis
587 2123 689 2185 ullam
708 2142 787 2186 esse.

92 2235 107 2281 ⁷
170 2226 239 2286 Has
269 2222 473 2286 condiciones
503 2223 601 2301 legati
632 2242 706 2284 cum
736 2223 871 2285 domum
901 2223 1019 2286 referre
1048 2223 1127 2287 iussi
1157 2223 1190 2285 in

129 2325 279 2387 contione
299 2323 442 2397 ederent,
464 2329 498 2385 et
519 2323 617 2401 Gisgo
637 2322 681 2384 ad
701 2322 960 2385 dissuadendam
980 2342 1096 2403 pacem
1116 2343 1190 2402 pro

128 2425 274 2488 cessisset
311 2423 544 2502 audireturque
581 2443 600 2484 a
637 2422 851 2485 multitudine
889 2422 1038 2503 inquieta
1074 2422 1188 2485 eadem

92 2531 160 2586 8et
181 2523 310 2598 imbelli,
337 2521 526 2600 indignatus
552 2520 719 2583 Hannibal
746 2521 809 2583 dici
834 2541 873 2584 ea
899 2521 932 2583 in
957 2521 1017 2584 tali
1042 2527 1189 2601 ternpore

128 2623 306 2703 audirique,
330 2621 504 2699 adreptum
530 2621 704 2699 Gisgonem
735 2641 835 2683 manu
865 2641 925 2683 sua
955 2640 996 2683 ex
1025 2621 1189 2699 superiore

127 2724 198 2785 loco
222 2721 376 2783 detraxit.
422 2720 513 2796 Quae
529 2721 656 2782 insueta
681 2719 801 2783 liberae
817 2720 945 2782 civitati
967 2719 1090 2798 specics
1115 2739 1188 2781 cum

127 2822 294 2885 fremitum
318 2820 430 2899 populi
456 2820 624 2895 movisset,
651 2820 864 2898 perturbatus
889 2818 1039 2881 militaris
1062 2818 1115 2880 vir
1137 2838 1188 2880 ur-

92 2923 214 2984 9bana
242 2921 394 2983 libertate
410 2920 571 2982 ‘Novem’
603 2920 710 2999 inquit
734 2921 915 2981 ‘annorum
945 2939 965 2981 a
991 2917 1086 2981 vobis
1115 2938 1187 2998 pro·

127 3023 232 3084 fectus
263 3026 338 3099 post
369 3026 500 3082 sextum
532 3025 565 3082 et
589 3019 789 3082 tricesimum
821 3038 945 3080 annum
968 3018 1059 3080 redii.
1107 3017 1187 3079 Mili-

128 3130 214 3185 tares
233 3128 330 3193 artes
352 3139 434 3199 quas
454 3139 506 3182 me
526 3139 546 3180 a
565 3138 666 3197 puero
686 3120 820 3181 fortuna
841 3138 927 3180 nunc
947 3118 1081 3197 privata
1101 3136 1187 3179 nunc

78 3231 107 3277 10
126 3221 257 3301 publica
284 3220 406 3292 docuit,
435 3218 536 3297 probe
562 3218 676 3280 videor
701 3220 796 3292 scire;
836 3219 925 3280 urbis
952 3238 989 3279 ac
1016 3218 1078 3280 fori
1106 3218 1185 3292 iura,

127 3324 221 3400 leges,
253 3339 358 3381 mores
388 3339 447 3380 vos
476 3338 528 3380 me
558 3325 688 3396 oportet
718 3318 885 3380 doceatis)
931 3318 1100 3379 Excusata
1130 3317 1187 3379 im·

126 3421 302 3503 pmdentia
334 3419 374 3481 de
405 3437 486 3497 pace
517 3418 631 3480 multis
662 3418 770 3480 verbis
801 3417 963 3492 disseruit,
996 3436 1097 3496 quam
1128 3436 1186 3480 nec

76 3533 103 3578 11
124 3522 240 3603 iniqua
261 3526 295 3582 et
318 3518 499 3582 necessaria
521 3523 616 3580 esset.
649 3517 702 3580 >Id
724 3516 871 3580 omnium
894 3516 1036 3580 maxime
1058 3515 1187 3582 diffiode
