<?xml version="1.0" encoding="UTF-8"?>
<!DOCTYPE html PUBLIC "-//W3C//DTD XHTML 1.0 Transitional//EN"
    "http://www.w3.org/TR/xhtml1/DTD/xhtml1-transitional.dtd">
<html xmlns="http://www.w3.org/1999/xhtml" xml:lang="en" lang="en">
 <head>
  <title>
</title>
<meta http-equiv="Content-Type" content="text/html;charset=utf-8" />
  <meta name='ocr-system' content='tesseract 3.04.00' />
  <meta name='ocr-capabilities' content='ocr_page ocr_carea ocr_par ocr_line ocrx_word'/>
</head>
<body>
  <div class='ocr_page' id='page_1' title='image "./livysecondpunic00livygoog_0110.png"; bbox 0 0 2496 3908; ppageno 0'>
   <div class='ocr_carea' id='block_1_1' title="bbox 91 237 1153 314">
    <p class='ocr_par' dir='ltr' id='par_1_1' title="bbox 91 237 1153 314">
     <span class='ocr_line' id='line_1_1' title="bbox 91 237 1153 314; baseline 0.004 -15"><span class='ocrx_word' id='word_1_1' title='bbox 91 248 196 300; x_wconf 66' lang='lat' dir='ltr'>cans.</span> <span class='ocrx_word' id='word_1_2' title='bbox 210 249 252 308; x_wconf 87' lang='lat'>43,</span> <span class='ocrx_word' id='word_1_3' title='bbox 266 248 307 309; x_wconf 74' lang='lat'>44,</span> <span class='ocrx_word' id='word_1_4' title='bbox 322 249 377 314; x_wconf 66' lang='lat' dir='ltr'>aa]</span> <span class='ocrx_word' id='word_1_5' title='bbox 582 249 672 300; x_wconf 69' lang='lat' dir='ltr'>mvn</span> <span class='ocrx_word' id='word_1_6' title='bbox 1110 237 1153 303; x_wconf 87' lang='lat'>83</span> 
     </span>
    </p>
   </div>
   <div class='ocr_carea' id='block_1_2' title="bbox 60 408 1204 3584">
    <p class='ocr_par' dir='ltr' id='par_1_2' title="bbox 60 408 1189 2692">
     <span class='ocr_line' id='line_1_2' title="bbox 92 408 1158 499; baseline 0 -14"><span class='ocrx_word' id='word_1_7' title='bbox 92 423 187 499; x_wconf 91' lang='lat' dir='ltr'>bant,</span> <span class='ocrx_word' id='word_1_8' title='bbox 216 424 295 485; x_wconf 87' lang='lat' dir='ltr'>bina</span> <span class='ocrx_word' id='word_1_9' title='bbox 322 429 429 486; x_wconf 91' lang='lat' dir='ltr'>castra</span> <span class='ocrx_word' id='word_1_10' title='bbox 457 425 685 487; x_wconf 91' lang='lat' dir='ltr'>communiunt</span> <span class='ocrx_word' id='word_1_11' title='bbox 711 408 827 488; x_wconf 87' lang='lat' dir='ltr'>eodem</span> <span class='ocrx_word' id='word_1_12' title='bbox 853 425 954 488; x_wconf 90' lang='lat' dir='ltr'>ferme</span> <span class='ocrx_word' id='word_1_13' title='bbox 982 423 1158 488; x_wconf 84' lang='lat' dir='ltr'>intervallo</span> 
     </span>
     <span class='ocr_line' id='line_1_3' title="bbox 93 522 1189 603; baseline 0.001 -18"><span class='ocrx_word' id='word_1_14' title='bbox 93 543 160 603; x_wconf 92' lang='lat' dir='ltr'>quo</span> <span class='ocrx_word' id='word_1_15' title='bbox 190 524 234 585; x_wconf 87' lang='lat' dir='ltr'>ad</span> <span class='ocrx_word' id='word_1_16' title='bbox 262 522 469 598; x_wconf 86' lang='lat' dir='ltr'><strong>Gereonium,</strong></span> <span class='ocrx_word' id='word_1_17' title='bbox 499 522 583 586; x_wconf 89' lang='lat' dir='ltr'>sicut</span> <span class='ocrx_word' id='word_1_18' title='bbox 612 530 690 587; x_wconf 90' lang='lat' dir='ltr'>ante</span> <span class='ocrx_word' id='word_1_19' title='bbox 720 525 820 603; x_wconf 87' lang='lat' dir='ltr'>copiis</span> <span class='ocrx_word' id='word_1_20' title='bbox 848 524 971 587; x_wconf 82' lang='lat' dir='ltr'>divisis.</span> <span class='ocrx_word' id='word_1_21' title='bbox 1016 524 1189 587; x_wconf 80' lang='lat' dir='ltr'>Aufidusa</span> 
     </span>
     <span class='ocr_line' id='line_1_4' title="bbox 92 621 1154 703; baseline -0.001 -18"><span class='ocrx_word' id='word_1_22' title='bbox 92 623 200 685; x_wconf 91' lang='lat' dir='ltr'>amnis</span> <span class='ocrx_word' id='word_1_23' title='bbox 226 621 374 702; x_wconf 89' lang='lat' dir='ltr'>utrisque</span> <span class='ocrx_word' id='word_1_24' title='bbox 401 623 516 685; x_wconf 89' lang='lat' dir='ltr'>castris</span> <span class='ocrx_word' id='word_1_25' title='bbox 543 623 691 686; x_wconf 87' lang='lat' dir='ltr'>adfluens</span> <span class='ocrx_word' id='word_1_26' title='bbox 717 624 846 686; x_wconf 89' lang='lat' dir='ltr'>aditum</span> <span class='ocrx_word' id='word_1_27' title='bbox 872 624 1087 703; x_wconf 79' lang='lat' dir='ltr'>aquatoribus</span> <span class='ocrx_word' id='word_1_28' title='bbox 1113 644 1154 686; x_wconf 91' lang='lat' dir='ltr'>ex</span> 
     </span>
     <span class='ocr_line' id='line_1_5' title="bbox 91 722 1153 801; baseline 0.001 -17"><span class='ocrx_word' id='word_1_29' title='bbox 91 741 152 784; x_wconf 88' lang='lat' dir='ltr'>sua</span> <span class='ocrx_word' id='word_1_30' title='bbox 177 722 334 801; x_wconf 88' lang='lat' dir='ltr'>cuiusque</span> <span class='ocrx_word' id='word_1_31' title='bbox 357 722 607 800; x_wconf 75' lang='lat' dir='ltr'>opportunitate</span> <span class='ocrx_word' id='word_1_32' title='bbox 630 722 720 784; x_wconf 89' lang='lat' dir='ltr'>haud</span> <span class='ocrx_word' id='word_1_33' title='bbox 742 723 811 786; x_wconf 91' lang='lat' dir='ltr'>sine</span> <span class='ocrx_word' id='word_1_34' title='bbox 835 724 1011 786; x_wconf 88' lang='lat' dir='ltr'>certamine</span> <span class='ocrx_word' id='word_1_35' title='bbox 1035 723 1153 800; x_wconf 89' lang='lat' dir='ltr'>dabat;</span> 
     </span>
     <span class='ocr_line' id='line_1_6' title="bbox 91 821 1189 902; baseline 0 -17"><span class='ocrx_word' id='word_1_36' title='bbox 91 843 133 885; x_wconf 87' lang='lat' dir='ltr'>ex</span> <span class='ocrx_word' id='word_1_37' title='bbox 156 821 337 884; x_wconf 84' lang='lat' dir='ltr'>minoribus</span> <span class='ocrx_word' id='word_1_38' title='bbox 360 827 473 884; x_wconf 90' lang='lat' dir='ltr'>tamen</span> <span class='ocrx_word' id='word_1_39' title='bbox 497 822 620 898; x_wconf 90' lang='lat' dir='ltr'>castris,</span> <span class='ocrx_word' id='word_1_40' title='bbox 645 842 729 902; x_wconf 89' lang='lat' dir='ltr'>quae</span> <span class='ocrx_word' id='word_1_41' title='bbox 752 822 860 901; x_wconf 91' lang='lat' dir='ltr'>posita</span> <span class='ocrx_word' id='word_1_42' title='bbox 883 829 975 884; x_wconf 91' lang='lat' dir='ltr'>trans</span> <span class='ocrx_word' id='word_1_43' title='bbox 997 822 1153 885; x_wconf 89' lang='lat' dir='ltr'>Aufidum</span> <span class='ocrx_word' id='word_1_44' title='bbox 1173 839 1189 885; x_wconf 85' lang='lat'><strong>3</strong></span> 
     </span>
     <span class='ocr_line' id='line_1_7' title="bbox 91 920 1154 1002; baseline -0.002 -18"><span class='ocrx_word' id='word_1_45' title='bbox 91 928 198 996; x_wconf 91' lang='lat' dir='ltr'>erant,</span> <span class='ocrx_word' id='word_1_46' title='bbox 228 920 361 983; x_wconf 90' lang='lat' dir='ltr'>liberius</span> <span class='ocrx_word' id='word_1_47' title='bbox 390 920 602 1000; x_wconf 83' lang='lat' dir='ltr'>aquabantur</span> <span class='ocrx_word' id='word_1_48' title='bbox 630 921 783 997; x_wconf 84' lang='lat' dir='ltr'>Romani,</span> <span class='ocrx_word' id='word_1_49' title='bbox 814 923 891 1002; x_wconf 91' lang='lat' dir='ltr'>quia</span> <span class='ocrx_word' id='word_1_50' title='bbox 921 923 991 1001; x_wconf 90' lang='lat' dir='ltr'>ripa</span> <span class='ocrx_word' id='word_1_51' title='bbox 1020 922 1154 985; x_wconf 84' lang='lat' dir='ltr'>ulterior</span> 
     </span>
     <span class='ocr_line' id='line_1_8' title="bbox 91 1007 1188 1100; baseline -0.001 -18"><span class='ocrx_word' id='word_1_52' title='bbox 91 1020 220 1082; x_wconf 91' lang='lat' dir='ltr'>nullum</span> <span class='ocrx_word' id='word_1_53' title='bbox 252 1007 397 1083; x_wconf 84' lang='lat' dir='ltr'>habebat</span> <span class='ocrx_word' id='word_1_54' title='bbox 428 1019 575 1082; x_wconf 90' lang='lat' dir='ltr'>hostium</span> <span class='ocrx_word' id='word_1_55' title='bbox 608 1021 817 1100; x_wconf 86' lang='lat' dir='ltr'>praesidium.</span> <span class='ocrx_word' id='word_1_56' title='bbox 863 1021 1029 1083; x_wconf 88' lang='lat' dir='ltr'>Hannibal</span> <span class='ocrx_word' id='word_1_57' title='bbox 1062 1036 1188 1100; x_wconf 73' lang='lat' dir='ltr'>sperne</span> 
     </span>
     <span class='ocr_line' id='line_1_9' title="bbox 92 1119 1154 1201; baseline 0.003 -20"><span class='ocrx_word' id='word_1_58' title='bbox 92 1126 234 1182; x_wconf 89' lang='lat' dir='ltr'>nanctus</span> <span class='ocrx_word' id='word_1_59' title='bbox 263 1119 341 1182; x_wconf 89' lang='lat' dir='ltr'>locis</span> <span class='ocrx_word' id='word_1_60' title='bbox 371 1120 458 1182; x_wconf 90' lang='lat' dir='ltr'>natis</span> <span class='ocrx_word' id='word_1_61' title='bbox 488 1120 531 1182; x_wconf 93' lang='lat' dir='ltr'>ad</span> <span class='ocrx_word' id='word_1_62' title='bbox 560 1127 747 1199; x_wconf 87' lang='lat' dir='ltr'>equestrem</span> <span class='ocrx_word' id='word_1_63' title='bbox 777 1140 933 1200; x_wconf 90' lang='lat' dir='ltr'>pugnam,</span> <span class='ocrx_word' id='word_1_64' title='bbox 964 1140 1029 1201; x_wconf 90' lang='lat' dir='ltr'>qua</span> <span class='ocrx_word' id='word_1_65' title='bbox 1060 1127 1154 1201; x_wconf 91' lang='lat' dir='ltr'>parte</span> 
     </span>
     <span class='ocr_line' id='line_1_10' title="bbox 92 1219 1152 1299; baseline 0.001 -19"><span class='ocrx_word' id='word_1_66' title='bbox 92 1219 214 1282; x_wconf 90' lang='lat' dir='ltr'>virium</span> <span class='ocrx_word' id='word_1_67' title='bbox 231 1219 374 1282; x_wconf 85' lang='lat' dir='ltr'>invictus</span> <span class='ocrx_word' id='word_1_68' title='bbox 392 1226 473 1294; x_wconf 91' lang='lat' dir='ltr'>erat,</span> <span class='ocrx_word' id='word_1_69' title='bbox 493 1219 640 1282; x_wconf 86' lang='lat' dir='ltr'>facturos</span> <span class='ocrx_word' id='word_1_70' title='bbox 660 1220 788 1299; x_wconf 88' lang='lat' dir='ltr'>copiam</span> <span class='ocrx_word' id='word_1_71' title='bbox 807 1220 976 1299; x_wconf 91' lang='lat' dir='ltr'>pugnandi</span> <span class='ocrx_word' id='word_1_72' title='bbox 995 1220 1152 1296; x_wconf 87' lang='lat' dir='ltr'>consules,</span> 
     </span>
     <span class='ocr_line' id='line_1_11' title="bbox 92 1319 1153 1398; baseline 0 -16"><span class='ocrx_word' id='word_1_73' title='bbox 92 1320 210 1398; x_wconf 85' lang='lat' dir='ltr'>derigit</span> <span class='ocrx_word' id='word_1_74' title='bbox 232 1319 335 1382; x_wconf 84' lang='lat' dir='ltr'>aciem</span> <span class='ocrx_word' id='word_1_75' title='bbox 356 1319 552 1398; x_wconf 80' lang='lat' dir='ltr'>lacessitque</span> <span class='ocrx_word' id='word_1_76' title='bbox 574 1319 793 1382; x_wconf 90' lang='lat' dir='ltr'>Numidarum</span> <span class='ocrx_word' id='word_1_77' title='bbox 814 1321 1059 1398; x_wconf 80' lang='lat' dir='ltr'>procursatione</span> <span class='ocrx_word' id='word_1_78' title='bbox 1079 1321 1153 1382; x_wconf 93' lang='lat' dir='ltr'>hos-</span> 
     </span>
     <span class='ocr_line' id='line_1_12' title="bbox 92 1419 1188 1496; baseline -0.004 -15"><span class='ocrx_word' id='word_1_79' title='bbox 92 1419 145 1496; x_wconf 80' lang='lat' dir='ltr'>tis.</span> <span class='ocrx_word' id='word_1_80' title='bbox 192 1419 274 1481; x_wconf 91' lang='lat' dir='ltr'>Inde</span> <span class='ocrx_word' id='word_1_81' title='bbox 293 1438 403 1480; x_wconf 89' lang='lat' dir='ltr'>rursus</span> <span class='ocrx_word' id='word_1_82' title='bbox 421 1419 587 1481; x_wconf 89' lang='lat' dir='ltr'>sollicitari</span> <span class='ocrx_word' id='word_1_83' title='bbox 606 1419 765 1482; x_wconf 88' lang='lat' dir='ltr'>seditione</span> <span class='ocrx_word' id='word_1_84' title='bbox 785 1419 917 1482; x_wconf 90' lang='lat' dir='ltr'>militari</span> <span class='ocrx_word' id='word_1_85' title='bbox 936 1440 974 1481; x_wconf 90' lang='lat' dir='ltr'>ac</span> <span class='ocrx_word' id='word_1_86' title='bbox 992 1419 1153 1482; x_wconf 90' lang='lat' dir='ltr'>discordia</span> <span class='ocrx_word' id='word_1_87' title='bbox 1172 1431 1188 1477; x_wconf 78' lang='lat' dir='ltr'>s</span> 
     </span>
     <span class='ocr_line' id='line_1_13' title="bbox 60 1517 1153 1598; baseline 0.003 -18"><span class='ocrx_word' id='word_1_88' title='bbox 60 1586 64 1590; x_wconf 56' lang='grc'><strong>,</strong></span> <span class='ocrx_word' id='word_1_89' title='bbox 93 1517 265 1580; x_wconf 89' lang='lat' dir='ltr'>consulum</span> <span class='ocrx_word' id='word_1_90' title='bbox 290 1518 443 1581; x_wconf 89' lang='lat' dir='ltr'>Romana</span> <span class='ocrx_word' id='word_1_91' title='bbox 467 1524 584 1597; x_wconf 86' lang='lat' dir='ltr'>castra,</span> <span class='ocrx_word' id='word_1_92' title='bbox 610 1538 684 1580; x_wconf 91' lang='lat' dir='ltr'>oum</span> <span class='ocrx_word' id='word_1_93' title='bbox 713 1518 835 1580; x_wconf 90' lang='lat' dir='ltr'>Paulus</span> <span class='ocrx_word' id='word_1_94' title='bbox 858 1520 1092 1598; x_wconf 79' lang='lat' dir='ltr'>Sempronique</span> <span class='ocrx_word' id='word_1_95' title='bbox 1119 1525 1153 1583; x_wconf 92' lang='lat' dir='ltr'>et</span> 
     </span>
     <span class='ocr_line' id='line_1_14' title="bbox 92 1618 1152 1698; baseline 0 -18"><span class='ocrx_word' id='word_1_96' title='bbox 92 1618 235 1680; x_wconf 87' lang='lat' dir='ltr'>Flamini</span> <span class='ocrx_word' id='word_1_97' title='bbox 267 1618 489 1681; x_wconf 87' lang='lat' dir='ltr'>temeritatem</span> <span class='ocrx_word' id='word_1_98' title='bbox 520 1619 668 1693; x_wconf 89' lang='lat' dir='ltr'>Varroni,</span> <span class='ocrx_word' id='word_1_99' title='bbox 702 1620 805 1681; x_wconf 90' lang='lat' dir='ltr'>Varro</span> <span class='ocrx_word' id='word_1_100' title='bbox 837 1619 940 1681; x_wconf 90' lang='lat' dir='ltr'>Paulo</span> <span class='ocrx_word' id='word_1_101' title='bbox 971 1620 1152 1698; x_wconf 89' lang='lat' dir='ltr'>speciosum</span> 
     </span>
     <span class='ocr_line' id='line_1_15' title="bbox 92 1717 1152 1798; baseline 0.001 -17"><span class='ocrx_word' id='word_1_102' title='bbox 92 1718 218 1781; x_wconf 89' lang='lat' dir='ltr'>timidis</span> <span class='ocrx_word' id='word_1_103' title='bbox 239 1738 277 1779; x_wconf 91' lang='lat' dir='ltr'>ac</span> <span class='ocrx_word' id='word_1_104' title='bbox 297 1717 450 1796; x_wconf 85' lang='lat' dir='ltr'>segnibus</span> <span class='ocrx_word' id='word_1_105' title='bbox 472 1718 610 1781; x_wconf 90' lang='lat' dir='ltr'>ducibus</span> <span class='ocrx_word' id='word_1_106' title='bbox 629 1718 818 1798; x_wconf 89' lang='lat' dir='ltr'>exemplum</span> <span class='ocrx_word' id='word_1_107' title='bbox 839 1719 979 1781; x_wconf 89' lang='lat' dir='ltr'>Fabium</span> <span class='ocrx_word' id='word_1_108' title='bbox 999 1718 1152 1795; x_wconf 88' lang='lat' dir='ltr'>obiceret,</span> 
     </span>
     <span class='ocr_line' id='line_1_16' title="bbox 92 1817 1188 1898; baseline -0.005 -17"><span class='ocrx_word' id='word_1_109' title='bbox 92 1825 337 1896; x_wconf 88' lang='lat' dir='ltr'>testareturque</span> <span class='ocrx_word' id='word_1_110' title='bbox 372 1818 449 1880; x_wconf 92' lang='lat' dir='ltr'>deos</span> <span class='ocrx_word' id='word_1_111' title='bbox 482 1817 696 1897; x_wconf 89' lang='lat' dir='ltr'>hominesque</span> <span class='ocrx_word' id='word_1_112' title='bbox 730 1818 793 1893; x_wconf 90' lang='lat' dir='ltr'>hic,</span> <span class='ocrx_word' id='word_1_113' title='bbox 829 1818 953 1880; x_wconf 90' lang='lat' dir='ltr'>nullam</span> <span class='ocrx_word' id='word_1_114' title='bbox 987 1839 1086 1898; x_wconf 89' lang='lat' dir='ltr'>penes</span> <span class='ocrx_word' id='word_1_115' title='bbox 1119 1831 1188 1882; x_wconf 85' lang='lat' dir='ltr'>seo</span> 
     </span>
     <span class='ocr_line' id='line_1_17' title="bbox 93 1916 1154 1998; baseline 0 -18"><span class='ocrx_word' id='word_1_116' title='bbox 93 1917 226 1996; x_wconf 89' lang='lat' dir='ltr'>eulpam</span> <span class='ocrx_word' id='word_1_117' title='bbox 258 1937 338 1992; x_wconf 91' lang='lat' dir='ltr'>esse,</span> <span class='ocrx_word' id='word_1_118' title='bbox 373 1916 463 1996; x_wconf 92' lang='lat' dir='ltr'>quod</span> <span class='ocrx_word' id='word_1_119' title='bbox 497 1917 664 1979; x_wconf 90' lang='lat' dir='ltr'>Hannibal</span> <span class='ocrx_word' id='word_1_120' title='bbox 698 1917 764 1979; x_wconf 86' lang='lat' dir='ltr'>iam</span> <span class='ocrx_word' id='word_1_121' title='bbox 798 1917 888 1981; x_wconf 91' lang='lat' dir='ltr'>velut</span> <span class='ocrx_word' id='word_1_122' title='bbox 922 1937 983 1981; x_wconf 89' lang='lat' dir='ltr'>usu</span> <span class='ocrx_word' id='word_1_123' title='bbox 1017 1918 1154 1998; x_wconf 89' lang='lat' dir='ltr'>cepisset</span> 
     </span>
     <span class='ocr_line' id='line_1_18' title="bbox 93 2016 1154 2097; baseline 0.003 -19"><span class='ocrx_word' id='word_1_124' title='bbox 93 2016 245 2079; x_wconf 89' lang='lat' dir='ltr'>ltaliam:</span> <span class='ocrx_word' id='word_1_125' title='bbox 278 2037 311 2079; x_wconf 89' lang='lat' dir='ltr'>se</span> <span class='ocrx_word' id='word_1_126' title='bbox 335 2016 550 2079; x_wconf 88' lang='lat' dir='ltr'>constrictum</span> <span class='ocrx_word' id='word_1_127' title='bbox 571 2037 591 2077; x_wconf 88' lang='lat' dir='ltr'>a</span> <span class='ocrx_word' id='word_1_128' title='bbox 614 2016 735 2094; x_wconf 85' lang='lat' dir='ltr'>collega</span> <span class='ocrx_word' id='word_1_129' title='bbox 757 2017 876 2094; x_wconf 88' lang='lat' dir='ltr'>teneri;</span> <span class='ocrx_word' id='word_1_130' title='bbox 910 2017 1032 2080; x_wconf 82' lang='lat' dir='ltr'>sermm</span> <span class='ocrx_word' id='word_1_131' title='bbox 1054 2025 1154 2097; x_wconf 88' lang='lat' dir='ltr'>atque</span> 
     </span>
     <span class='ocr_line' id='line_1_19' title="bbox 93 2116 1188 2195; baseline -0.003 -17"><span class='ocrx_word' id='word_1_132' title='bbox 93 2137 186 2178; x_wconf 91' lang='lat' dir='ltr'>arma</span> <span class='ocrx_word' id='word_1_133' title='bbox 206 2116 298 2178; x_wconf 89' lang='lat' dir='ltr'>iratis</span> <span class='ocrx_word' id='word_1_134' title='bbox 317 2123 350 2178; x_wconf 92' lang='lat' dir='ltr'>et</span> <span class='ocrx_word' id='word_1_135' title='bbox 371 2136 516 2195; x_wconf 90' lang='lat' dir='ltr'>pugnare</span> <span class='ocrx_word' id='word_1_136' title='bbox 537 2117 744 2195; x_wconf 90' lang='lat' dir='ltr'>cupientibus</span> <span class='ocrx_word' id='word_1_137' title='bbox 764 2116 865 2178; x_wconf 90' lang='lat' dir='ltr'>adimi</span> <span class='ocrx_word' id='word_1_138' title='bbox 885 2117 1059 2193; x_wconf 87' lang='lat' dir='ltr'>militibus;</span> <span class='ocrx_word' id='word_1_139' title='bbox 1090 2117 1153 2194; x_wconf 93' lang='lat' dir='ltr'>ille,</span> <span class='ocrx_word' id='word_1_140' title='bbox 1174 2129 1188 2175; x_wconf 76' lang='lat' dir='ltr'>t</span> 
     </span>
     <span class='ocr_line' id='line_1_20' title="bbox 92 2215 1154 2295; baseline 0.001 -17"><span class='ocrx_word' id='word_1_141' title='bbox 92 2217 119 2278; x_wconf 91' lang='lat' dir='ltr'>sl</span> <span class='ocrx_word' id='word_1_142' title='bbox 142 2215 224 2295; x_wconf 93' lang='lat' dir='ltr'>quid</span> <span class='ocrx_word' id='word_1_143' title='bbox 246 2216 399 2295; x_wconf 88' lang='lat' dir='ltr'>proiectis</span> <span class='ocrx_word' id='word_1_144' title='bbox 422 2236 459 2278; x_wconf 91' lang='lat' dir='ltr'>ac</span> <span class='ocrx_word' id='word_1_145' title='bbox 487 2216 625 2294; x_wconf 89' lang='lat' dir='ltr'>proditis</span> <span class='ocrx_word' id='word_1_146' title='bbox 652 2216 694 2278; x_wconf 92' lang='lat' dir='ltr'>ad</span> <span class='ocrx_word' id='word_1_147' title='bbox 720 2216 941 2279; x_wconf 90' lang='lat' dir='ltr'>inconsultam</span> <span class='ocrx_word' id='word_1_148' title='bbox 967 2222 1068 2295; x_wconf 93' lang='lat' dir='ltr'>atque</span> <span class='ocrx_word' id='word_1_149' title='bbox 1095 2217 1154 2279; x_wconf 89' lang='lat' dir='ltr'>im-</span> 
     </span>
     <span class='ocr_line' id='line_1_21' title="bbox 93 2314 1154 2395; baseline 0.004 -20"><span class='ocrx_word' id='word_1_150' title='bbox 93 2315 268 2395; x_wconf 92' lang='lat' dir='ltr'>providam</span> <span class='ocrx_word' id='word_1_151' title='bbox 291 2334 436 2394; x_wconf 90' lang='lat' dir='ltr'>pugnam</span> <span class='ocrx_word' id='word_1_152' title='bbox 457 2314 638 2392; x_wconf 90' lang='lat' dir='ltr'>legionibus</span> <span class='ocrx_word' id='word_1_153' title='bbox 661 2315 833 2391; x_wconf 89' lang='lat' dir='ltr'>accideret,</span> <span class='ocrx_word' id='word_1_154' title='bbox 856 2335 890 2379; x_wconf 87' lang='lat' dir='ltr'>se</span> <span class='ocrx_word' id='word_1_155' title='bbox 912 2317 1017 2378; x_wconf 91' lang='lat' dir='ltr'>omnis</span> <span class='ocrx_word' id='word_1_156' title='bbox 1041 2315 1154 2394; x_wconf 90' lang='lat' dir='ltr'>culpae</span> 
     </span>
     <span class='ocr_line' id='line_1_22' title="bbox 92 2414 1154 2494; baseline 0 -16"><span class='ocrx_word' id='word_1_157' title='bbox 92 2421 269 2489; x_wconf 88' lang='lat' dir='ltr'>exsortem,</span> <span class='ocrx_word' id='word_1_158' title='bbox 285 2415 391 2477; x_wconf 91' lang='lat' dir='ltr'>omnis</span> <span class='ocrx_word' id='word_1_159' title='bbox 410 2420 549 2477; x_wconf 91' lang='lat' dir='ltr'>eventus</span> <span class='ocrx_word' id='word_1_160' title='bbox 565 2414 759 2494; x_wconf 87' lang='lat' dir='ltr'>participem</span> <span class='ocrx_word' id='word_1_161' title='bbox 778 2415 847 2478; x_wconf 87' lang='lat' dir='ltr'>lore</span> <span class='ocrx_word' id='word_1_162' title='bbox 863 2415 1001 2478; x_wconf 88' lang='lat' dir='ltr'>diceret:</span> <span class='ocrx_word' id='word_1_163' title='bbox 1028 2415 1154 2478; x_wconf 91' lang='lat' dir='ltr'>videret</span> 
     </span>
     <span class='ocr_line' id='line_1_23' title="bbox 93 2513 1154 2594; baseline 0 -18"><span class='ocrx_word' id='word_1_164' title='bbox 93 2522 142 2589; x_wconf 87' lang='lat' dir='ltr'>ut,</span> <span class='ocrx_word' id='word_1_165' title='bbox 164 2513 284 2593; x_wconf 91' lang='lat' dir='ltr'>quibus</span> <span class='ocrx_word' id='word_1_166' title='bbox 302 2514 414 2593; x_wconf 89' lang='lat' dir='ltr'>lingua</span> <span class='ocrx_word' id='word_1_167' title='bbox 433 2519 588 2593; x_wconf 89' lang='lat' dir='ltr'>prompta</span> <span class='ocrx_word' id='word_1_168' title='bbox 608 2534 646 2575; x_wconf 88' lang='lat' dir='ltr'>ac</span> <span class='ocrx_word' id='word_1_169' title='bbox 665 2515 848 2590; x_wconf 88' lang='lat' dir='ltr'>temeraria,</span> <span class='ocrx_word' id='word_1_170' title='bbox 869 2534 972 2594; x_wconf 90' lang='lat' dir='ltr'>aeque</span> <span class='ocrx_word' id='word_1_171' title='bbox 991 2515 1024 2575; x_wconf 92' lang='lat' dir='ltr'>in</span> <span class='ocrx_word' id='word_1_172' title='bbox 1044 2534 1154 2594; x_wconf 90' lang='lat' dir='ltr'>pugna</span> 
     </span>
     <span class='ocr_line' id='line_1_24' title="bbox 94 2614 386 2692; baseline 0 -17"><span class='ocrx_word' id='word_1_173' title='bbox 94 2614 243 2692; x_wconf 91' lang='lat' dir='ltr'>vigerent</span> <span class='ocrx_word' id='word_1_174' title='bbox 260 2633 386 2675; x_wconf 90' lang='lat' dir='ltr'>manus.</span> 
     </span>
    </p>

    <p class='ocr_par' dir='ltr' id='par_1_3' title="bbox 94 2712 1204 3584">
     <span class='ocr_line' id='line_1_25' title="bbox 137 2712 1204 2793; baseline -0.001 -19"><span class='ocrx_word' id='word_1_175' title='bbox 137 2713 227 2775; x_wconf 92' lang='lat' dir='ltr'>Dum</span> <span class='ocrx_word' id='word_1_176' title='bbox 264 2712 532 2775; x_wconf 89' lang='lat' dir='ltr'>altercationibus</span> <span class='ocrx_word' id='word_1_177' title='bbox 569 2713 672 2792; x_wconf 88' lang='lat' dir='ltr'>magis</span> <span class='ocrx_word' id='word_1_178' title='bbox 709 2733 810 2793; x_wconf 90' lang='lat' dir='ltr'>quam</span> <span class='ocrx_word' id='word_1_179' title='bbox 847 2713 986 2776; x_wconf 90' lang='lat' dir='ltr'>consiliis</span> <span class='ocrx_word' id='word_1_180' title='bbox 1022 2720 1204 2793; x_wconf 86' lang='lat' dir='ltr'>tempus45</span> 
     </span>
     <span class='ocr_line' id='line_1_26' title="bbox 94 2812 1155 2892; baseline 0 -16"><span class='ocrx_word' id='word_1_181' title='bbox 94 2813 223 2888; x_wconf 85' lang='lat' dir='ltr'>teritur,</span> <span class='ocrx_word' id='word_1_182' title='bbox 243 2813 409 2874; x_wconf 89' lang='lat' dir='ltr'>Hannibal</span> <span class='ocrx_word' id='word_1_183' title='bbox 427 2833 469 2876; x_wconf 85' lang='lat' dir='ltr'>ex</span> <span class='ocrx_word' id='word_1_184' title='bbox 485 2813 564 2888; x_wconf 90' lang='lat' dir='ltr'>acie,</span> <span class='ocrx_word' id='word_1_185' title='bbox 583 2833 684 2892; x_wconf 91' lang='lat' dir='ltr'>quam</span> <span class='ocrx_word' id='word_1_186' title='bbox 701 2814 744 2875; x_wconf 92' lang='lat' dir='ltr'>ad</span> <span class='ocrx_word' id='word_1_187' title='bbox 761 2812 904 2876; x_wconf 93' lang='lat' dir='ltr'>multum</span> <span class='ocrx_word' id='word_1_188' title='bbox 922 2814 984 2877; x_wconf 91' lang='lat' dir='ltr'>diei</span> <span class='ocrx_word' id='word_1_189' title='bbox 1001 2819 1155 2877; x_wconf 87' lang='lat' dir='ltr'>tenuerat</span> 
     </span>
     <span class='ocr_line' id='line_1_27' title="bbox 94 2911 1155 2993; baseline 0.002 -20"><span class='ocrx_word' id='word_1_190' title='bbox 94 2912 303 2987; x_wconf 90' lang='lat' dir='ltr'>instructam,</span> <span class='ocrx_word' id='word_1_191' title='bbox 329 2933 403 2988; x_wconf 91' lang='lat' dir='ltr'>cum</span> <span class='ocrx_word' id='word_1_192' title='bbox 426 2911 460 2973; x_wconf 92' lang='lat' dir='ltr'>in</span> <span class='ocrx_word' id='word_1_193' title='bbox 484 2918 590 2975; x_wconf 91' lang='lat' dir='ltr'>castra</span> <span class='ocrx_word' id='word_1_194' title='bbox 615 2920 738 2975; x_wconf 91' lang='lat' dir='ltr'>ceteras</span> <span class='ocrx_word' id='word_1_195' title='bbox 761 2913 917 2993; x_wconf 89' lang='lat' dir='ltr'>reciperet</span> <span class='ocrx_word' id='word_1_196' title='bbox 942 2914 1061 2992; x_wconf 91' lang='lat' dir='ltr'>copias,</span> <span class='ocrx_word' id='word_1_197' title='bbox 1087 2913 1155 2975; x_wconf 96' lang='lat' dir='ltr'>Nu-</span> 
     </span>
     <span class='ocr_line' id='line_1_28' title="bbox 96 3011 1190 3074; baseline -0.005 -1"><span class='ocrx_word' id='word_1_198' title='bbox 96 3011 202 3073; x_wconf 90' lang='lat' dir='ltr'>midas</span> <span class='ocrx_word' id='word_1_199' title='bbox 226 3012 268 3072; x_wconf 89' lang='lat' dir='ltr'>ad</span> <span class='ocrx_word' id='word_1_200' title='bbox 292 3011 496 3074; x_wconf 86' lang='lat' dir='ltr'>invadendos</span> <span class='ocrx_word' id='word_1_201' title='bbox 519 3032 561 3074; x_wconf 87' lang='lat' dir='ltr'>ex</span> <span class='ocrx_word' id='word_1_202' title='bbox 585 3011 765 3074; x_wconf 89' lang='lat' dir='ltr'>minoribus</span> <span class='ocrx_word' id='word_1_203' title='bbox 790 3013 904 3074; x_wconf 90' lang='lat' dir='ltr'>castris</span> <span class='ocrx_word' id='word_1_204' title='bbox 928 3012 1156 3074; x_wconf 86' lang='lat' dir='ltr'>Romanorum</span> <span class='ocrx_word' id='word_1_205' title='bbox 1175 3024 1190 3068; x_wconf 83' lang='lat' dir='ltr'>a</span> 
     </span>
     <span class='ocr_line' id='line_1_29' title="bbox 95 3111 1190 3191; baseline -0.002 -17"><span class='ocrx_word' id='word_1_206' title='bbox 95 3117 272 3191; x_wconf 86' lang='lat' dir='ltr'>aquatores</span> <span class='ocrx_word' id='word_1_207' title='bbox 298 3111 537 3174; x_wconf 89' lang='lat' dir='ltr'>transflumen</span> <span class='ocrx_word' id='word_1_208' title='bbox 564 3111 678 3174; x_wconf 91' lang='lat' dir='ltr'>mittit.</span> <span class='ocrx_word' id='word_1_209' title='bbox 724 3112 832 3187; x_wconf 82' lang='lat' dir='ltr'>Quam</span> <span class='ocrx_word' id='word_1_210' title='bbox 858 3111 1062 3174; x_wconf 90' lang='lat' dir='ltr'>inconditam</span> <span class='ocrx_word' id='word_1_211' title='bbox 1087 3118 1190 3174; x_wconf 84' lang='lat' dir='ltr'>tur-3</span> 
     </span>
     <span class='ocr_line' id='line_1_30' title="bbox 95 3210 1156 3289; baseline 0 -16"><span class='ocrx_word' id='word_1_212' title='bbox 95 3211 175 3273; x_wconf 90' lang='lat' dir='ltr'>bam</span> <span class='ocrx_word' id='word_1_213' title='bbox 199 3231 274 3272; x_wconf 89' lang='lat' dir='ltr'>eum</span> <span class='ocrx_word' id='word_1_214' title='bbox 297 3210 435 3272; x_wconf 85' lang='lat' dir='ltr'>vixdum</span> <span class='ocrx_word' id='word_1_215' title='bbox 457 3211 491 3271; x_wconf 92' lang='lat' dir='ltr'>in</span> <span class='ocrx_word' id='word_1_216' title='bbox 514 3210 620 3289; x_wconf 91' lang='lat' dir='ltr'>ripam</span> <span class='ocrx_word' id='word_1_217' title='bbox 642 3211 760 3288; x_wconf 90' lang='lat' dir='ltr'>egressi</span> <span class='ocrx_word' id='word_1_218' title='bbox 785 3210 924 3273; x_wconf 90' lang='lat' dir='ltr'>clamore</span> <span class='ocrx_word' id='word_1_219' title='bbox 947 3231 985 3272; x_wconf 91' lang='lat' dir='ltr'>ao</span> <span class='ocrx_word' id='word_1_220' title='bbox 1008 3211 1156 3273; x_wconf 92' lang='lat' dir='ltr'>tumultu</span> 
     </span>
     <span class='ocr_line' id='line_1_31' title="bbox 96 3309 1157 3389; baseline 0.002 -18"><span class='ocrx_word' id='word_1_221' title='bbox 96 3310 277 3388; x_wconf 86' lang='lat' dir='ltr'>fugassent,</span> <span class='ocrx_word' id='word_1_222' title='bbox 299 3309 332 3370; x_wconf 91' lang='lat' dir='ltr'>in</span> <span class='ocrx_word' id='word_1_223' title='bbox 353 3309 531 3372; x_wconf 90' lang='lat' dir='ltr'>stationem</span> <span class='ocrx_word' id='word_1_224' title='bbox 552 3329 683 3389; x_wconf 91' lang='lat' dir='ltr'>quoque</span> <span class='ocrx_word' id='word_1_225' title='bbox 704 3329 762 3388; x_wconf 94' lang='lat' dir='ltr'>pro</span> <span class='ocrx_word' id='word_1_226' title='bbox 784 3309 870 3371; x_wconf 92' lang='lat' dir='ltr'>vallo</span> <span class='ocrx_word' id='word_1_227' title='bbox 891 3310 1035 3387; x_wconf 92' lang='lat' dir='ltr'>locatam</span> <span class='ocrx_word' id='word_1_228' title='bbox 1055 3317 1157 3389; x_wconf 88' lang='lat' dir='ltr'>atque</span> 
     </span>
     <span class='ocr_line' id='line_1_32' title="bbox 97 3408 1191 3488; baseline 0.001 -18"><span class='ocrx_word' id='word_1_229' title='bbox 97 3410 129 3470; x_wconf 92' lang='lat' dir='ltr'>in</span> <span class='ocrx_word' id='word_1_230' title='bbox 145 3409 233 3488; x_wconf 89' lang='lat' dir='ltr'>ipsas</span> <span class='ocrx_word' id='word_1_231' title='bbox 249 3428 349 3487; x_wconf 90' lang='lat' dir='ltr'>prope</span> <span class='ocrx_word' id='word_1_232' title='bbox 371 3415 483 3487; x_wconf 89' lang='lat' dir='ltr'>portas</span> <span class='ocrx_word' id='word_1_233' title='bbox 498 3409 604 3471; x_wconf 90' lang='lat' dir='ltr'>evecti</span> <span class='ocrx_word' id='word_1_234' title='bbox 620 3416 707 3470; x_wconf 89' lang='lat' dir='ltr'>sunt.</span> <span class='ocrx_word' id='word_1_235' title='bbox 738 3408 779 3470; x_wconf 93' lang='lat' dir='ltr'>Id</span> <span class='ocrx_word' id='word_1_236' title='bbox 794 3429 872 3471; x_wconf 91' lang='lat' dir='ltr'>vero</span> <span class='ocrx_word' id='word_1_237' title='bbox 887 3410 969 3471; x_wconf 93' lang='lat' dir='ltr'>adeo</span> <span class='ocrx_word' id='word_1_238' title='bbox 985 3408 1156 3487; x_wconf 89' lang='lat' dir='ltr'>indignum</span> <span class='ocrx_word' id='word_1_239' title='bbox 1175 3419 1191 3462; x_wconf 80' lang='lat'><strong>4</strong></span> 
     </span>
     <span class='ocr_line' id='line_1_33' title="bbox 98 3507 1156 3584; baseline -0.001 -14"><span class='ocrx_word' id='word_1_240' title='bbox 98 3507 216 3584; x_wconf 87' lang='lat' dir='ltr'>visum,</span> <span class='ocrx_word' id='word_1_241' title='bbox 236 3507 279 3569; x_wconf 92' lang='lat' dir='ltr'>ab</span> <span class='ocrx_word' id='word_1_242' title='bbox 298 3507 514 3570; x_wconf 91' lang='lat' dir='ltr'>tumultuario</span> <span class='ocrx_word' id='word_1_243' title='bbox 533 3507 655 3569; x_wconf 85' lang='lat' dir='ltr'>auxilio</span> <span class='ocrx_word' id='word_1_244' title='bbox 674 3508 740 3569; x_wconf 90' lang='lat' dir='ltr'>iam</span> <span class='ocrx_word' id='word_1_245' title='bbox 758 3508 859 3570; x_wconf 90' lang='lat' dir='ltr'>etiam</span> <span class='ocrx_word' id='word_1_246' title='bbox 879 3515 986 3570; x_wconf 87' lang='lat' dir='ltr'>castra</span> <span class='ocrx_word' id='word_1_247' title='bbox 1005 3508 1156 3570; x_wconf 89' lang='lat' dir='ltr'>Romana</span> 
     </span>
    </p>
   </div>
   <div class='ocr_carea' id='block_1_3' title="bbox 0 0 1257 3908">
    <p class='ocr_par' dir='ltr' id='par_1_4' title="bbox 0 0 1257 3908">
     <span class='ocr_line' id='line_1_34' title="bbox 0 0 1257 3908; baseline 0 0"><span class='ocrx_word' id='word_1_248' title='bbox 0 0 1257 3908; x_wconf 95' lang='lat' dir='ltr'> </span> 
     </span>
    </p>
   </div>
  </div>
 </body>
</html>
