2496 3908
91 226 193 279 caiis.
208 230 233 289 4,
248 231 286 296 a]
575 221 665 279 mur
772 273 774 276 Α
1126 215 1146 278 5

91 389 204 469 Victor
215 407 377 470 exercitus
389 406 629 486 opulentusque
641 406 762 486 praeda
773 404 1004 485 Carthaginem
1017 404 1145 467 Novam

91 507 124 567 in
152 505 287 569 hiberna
312 512 370 611 estK
388 505 409 568 d
430 505 559 581 ductus.
604 507 656 568 Ibi
681 506 768 585 large
794 503 1181 584 partiendo-praedamn

90 605 320 685 stipendioque
358 527 535 684 &bibente
574 625 647 668 cum
686 605 749 668 fide
786 604 990 668 exsolvendo·
1022 604 1147 666 cunctis

91 705 214 767 civium
235 705 462 784 sociorumque
484 706 601 767 animis
623 706 655 767 in
677 726 711 768 se
732 705 870 767 firmatis
892 725 966 767 vere
987 704 1092 783 primo
1115 704 1147 764 in

92 806 256 867 Vaccaeos
281 811 469 883 promotum
495 805 626 867 bellum.
672 804 892 867 Hermandica
917 810 951 866 et
976 803 1145 878 Arbocala,
1167 821 1182 866 s

89 924 204 967 eorum
228 905 335 978 urbes,
362 904 394 965 vi
420 911 545 983 captae.
591 904 751 966 Arbocala
775 910 809 966 et
834 904 957 966 virtute
981 910 1014 966 et
1038 903 1147 965 multi-

90 1004 207 1067 tudine
230 1003 469 1082 oppidanorum
492 1004 548 1066 diu
571 1003 713 1066 defensa.
759 1003 810 1065 Ab
833 1003 1052 1066 Hermandica
1075 990 1147 1082 pro¹
1168 1015 1182 1061 r

89 1103 160 1182 fugi
175 1103 327 1165 exulibus
341 1103 510 1178 Olcadum,
526 1103 631 1182 priore
644 1106 770 1166 aestate
786 1103 930 1166 domitae
942 1103 1057 1182 gentis,
1074 1123 1147 1165 cum

89 1223 124 1265 se
156 1202 348 1277 iunxissent,
381 1203 548 1265 concitant
578 1203 789 1282 Carpetanos
821 1202 993 1281 adortique
1024 1203 1184 1285 Hanni-8

90 1301 200 1364 balem
223 1322 402 1381 regressum
423 1323 464 1365 ex
487 1303 640 1365 Vaccaeis
662 1302 750 1365 haud
772 1303 883 1381 procul
905 1303 994 1381 Tago
1016 1303 1149 1365 flumine

90 1423 209 1489 agmen
229 1422 329 1481 grave
349 1402 471 1481 praeda
491 1404 675 1465 turbavere.
706 1400 887 1464 *Hannibal
908 1402 1029 1481 proelio
1049 1403 1149 1466 obsti·
1169 1411 1184 1457 9

91 1503 175 1577 nuit,
206 1503 385 1581 castrisque
413 1522 510 1581 super
538 1504 642 1581 ripam
670 1503 795 1582 positis
825 1522 898 1564 cum
926 1504 1031 1581 prima
1059 1503 1149 1582 quies
1240 1518 1243 1533 ²

91 1603 324 1681 silentiumque
338 1603 382 1664 ‘ab
400 1602 548 1664 hostibus
563 1603 638 1678 fuit,
656 1623 786 1674 amnem
802 1602 888 1664 vado
905 1603 1033 1665 traiecit
1050 1603 1149 1664 vallo·

91 1722 156 1781 que
181 1703 229 1764 ita
256 1701 417 1781 producto
443 1708 481 1764 ut
507 1702 615 1764 locum
641 1702 683 1764 ad
710 1702 1014 1781 transgrediendum
1040 1700 1150 1765 hostes

92 1801 261 1875 haberent,
294 1801 448 1864 invadere
477 1822 532 1864 eos
563 1809 769 1865 transeuntes
799 1803 927 1864 statuit.
974 1786 1150 1881 Equitibus
1172 1814 1224 1863 10

91 1885 263 1980 praecepit
280 1907 328 1981 ut,
351 1920 424 1970 cum
446 1901 603 1980 ingressos
624 1921 745 1980 aquam
766 1900 924 1976 viderent,
946 1901 1151 1964 adorirentur
1233 1947 1236 1951 ·

92 2000 289 2079 impeditum
323 2021 455 2078 agmen;
502 2001 535 2061 in
570 2001 640 2079 ripa
674 2000 1150 2080 elephantos-quadraginta

91 2106 205 2162 autem
237 2100 552 2178 erant-disponit.
597 2101 855 2179 Carpetanorum
889 2120 962 2162 cum
994 2101 1149 2179 appendi·
1172 2110 1197 2154 11

93 2200 183 2261 cibus
224 2198 384 2262 Olcadum
425 2200 710 2278 Vaccaeorumque
750 2206 881 2261 centum
922 2200 1010 2261 milia
1048 2201 1147 2268 fuere.

93 2300 222 2361 inviota-
246 2300 341 2374 acies,
362 2300 396 2361 si
426 2319 531 2378 aequo
560 2299 776 2378 dimicaretur·
798 2319 923 2378 campo.
970 2300 1087 2379 ltaque
1115 2307 1148 2363 et
1172 2317 1198 2361 12

93 2397 222 2480 ingenio
245 2399 368 2461 feroces
392 2405 425 2462 et
450 2399 662 2461 multitudine
685 2399 760 2462 freti
785 2405 828 2473 et,
855 2398 943 2478 quod
968 2406 1059 2462 metu
1084 2420 1148 2462 ces·

93 2499 169 2561 sisse
196 2499 374 2561 credebant
401 2499 539 2574 hostem,
567 2499 599 2560 id
627 2499 744 2560 morari
774 2499 945 2560 victoriam
971 2501 1033 2561 rati
1060 2501 1148 2579 quod

94 2599 263 2662 interesset
298 2599 414 2672 amnia,
452 2600 591 2661 clamore
627 2599 758 2660 sublato
794 2599 914 2677 passim
951 2599 1019 2662 sine
1053 2600 1149 2662 ullius

94 2699 239 2778 imperi0‚
270 2719 335 2778 qua
366 2700 481 2778 cuique
511 2700 695 2778 proximum
726 2705 785 2773 est,
816 2699 848 2759 in
878 2719 1008 2762 amnem
1037 2707 1158 2774 ruunt.¹

94 2798 138 2860 Et
161 2818 202 2860 ex
227 2805 321 2877 parte
345 2798 448 2861 altera
473 2800 561 2878 ripae
587 2800 636 2860 vis
661 2800 772 2878 ingens
797 2799 946 2877 equitum
970 2800 1003 2860 in
1027 2800 1147 2862 fiumen
1170 2817 1213 2861 ra

95 2897 237 2981 immissa
265 2899 437 2978 medioque
459 2900 552 2962 alveo
584 2900 840 2980 haudquaquam
872 2891 942 2978 pari
973 2900 1148 2963 certamine

95 3017 296 3074 concursum,
314 3000 435 3078 quippe
452 3000 507 3061 ubi
525 2999 622 3078 pedes
639 2999 799 3062 instabilis
816 3021 853 3061 ac
871 3000 927 3060 vix
943 3000 1029 3062 vado
1045 2999 1148 3062 fidens
1169 3023 1196 3067 14

95 3097 143 3160 vel
168 3099 211 3160 ab
236 3099 350 3160 inermi
374 3101 484 3178 equite
502 3119 592 3179 equo
617 3106 738 3162 temere
762 3107 836 3162 acto
861 3100 1002 3179 perverti
1027 3105 1146 3178 posset,

94 3215 191 3276 eques
205 3218 338 3276 corpore
352 3199 515 3278 armisque
529 3198 618 3274 liber,
634 3219 718 3278 equo
732 3200 783 3262 vel
798 3220 855 3278 per
869 3200 991 3262 medios
1006 3200 1147 3279 gurgites

56 3331 60 3340 ·
94 3296 212 3373 stabili,
238 3298 419 3360 comminus
442 3300 633 3378 eminusque
657 3319 723 3360 rem
747 3306 880 3377 gereret.
927 3301 1005 3362 Pars
1029 3321 1147 3379 magna
1169 3324 1196 3368 15

94 3395 226 3459 flumine
239 3384 431 3476 absumpta;
457 3399 592 3477 quidam
608 3398 767 3459 verticoso
781 3400 869 3459 amni
884 3398 983 3461 delati
998 3400 1030 3460 in
1045 3400 1147 3464 hostis

75 3495 135 3558 «ab
150 3495 333 3575 elephantis
350 3497 461 3559 obtriti
480 3507 567 3560 sunt.
614 3498 785 3570 Postremi,
801 3498 920 3576 quibus
937 3482 1097 3577 regressus
1113 3501 1146 3561 in
1168 3510 1197 3556 16

132 3716 168 3767 ’,Ι
