2496 3908
69 253 174 307 cuim.
191 253 303 320 tata]
562 251 652 302 rrvr
1089 239 1130 306 91

72 450 148 493 eum
173 429 309 509 singulis
332 429 461 491 abirent
486 427 701 504 vestimentis,
727 428 760 489 in
785 435 891 491 castra
916 427 1019 492 hostis
1043 448 1132 491 acee-

71 536 204 610 perum,
237 528 416 607 traditique
447 528 481 588 in
512 527 696 590 custodiam
726 547 838 590 omnes
868 534 956 604 sunt,
987 547 1132 591 seorsum

71 630 160 692 cives
180 629 333 708 sociique.
379 627 468 689 Dum
488 627 533 689 ibi
553 633 684 705 tempus
704 626 831 704 teritur,
854 628 977 690 interea
998 648 1071 690 cum
1091 648 1132 690 ex
1152 648 1166 690 4

70 728 251 790 maioribus
275 728 399 804 eastris,
425 727 544 807 quibus
566 727 647 789 satis
669 727 789 788 virium
811 733 845 790 et
868 728 969 789 animi
991 728 1064 804 fuit,
1088 728 1131 790 ad

71 834 234 908 quattuor
253 827 341 888 milia
362 826 533 888 hominum
552 832 586 888 et
607 826 739 889 ducenti
759 827 896 906 equites,
918 827 972 889 alii
991 828 1129 905 agmine,

71 927 126 990 alii
141 927 247 1006 palati
261 927 384 1004 passim
398 945 456 1005 per
470 945 574 1004 agros,
591 925 680 1004 quod
695 925 784 987 haud
799 927 907 988 minus
922 933 1034 989 tutum
1049 933 1130 1003 erat,

71 1027 251 1089 Canusium
272 1026 499 1104 perfugissent,
523 1031 629 1087 eastra
651 1025 721 1104 ipsa
742 1026 784 1087 ab
805 1027 922 1088 sauciis
943 1026 1131 1106 timidisque

70 1125 189 1189 eadem
214 1124 402 1187 condicione
426 1144 491 1204 qua
516 1124 619 1186 altera
644 1125 768 1186 tradita
792 1124 889 1187 hosti.
934 1126 1060 1188 Praeda
1083 1127 1131 1186 in·
1151 1147 1166 1189 5

71 1244 150 1304 gens
164 1230 262 1303 parta
276 1231 337 1298 est,
352 1231 385 1286 et
399 1230 530 1302 praeter
542 1243 643 1303 equos
657 1225 808 1303 virosque
822 1232 856 1286 et
870 1225 897 1286 si
911 1224 991 1304 quid
1005 1226 1131 1304 argenti

71 1323 218 1402 —quod
246 1323 424 1402 plurimum
453 1323 486 1382 in
515 1321 655 1401 phaleris
684 1343 843 1402 equorum
871 1329 952 1400 erat,
981 1343 1060 1386 nam
1088 1325 1131 1387 ad

71 1424 273 1485 vescendum
313 1423 404 1484 facto
445 1423 630 1501 perexigu0,
673 1423 788 1502 utique
829 1424 1018 1501 militantes,
1060 1431 1131 1487 ute-

71 1523 196 1585 bantur
208 1556 250 1564 -
264 1522 370 1583 omnis
387 1527 493 1584 cetera
510 1522 632 1601 praeda
649 1522 830 1601 diripienda
847 1523 926 1585 data
942 1531 1001 1586 est.
1046 1525 1131 1586 Tum
1150 1534 1165 1577 6

71 1621 251 1700 sepeliendi
271 1641 368 1682 eausa
389 1621 526 1682 conferri
546 1621 578 1680 in
598 1640 701 1683 unum
721 1642 855 1700 corpora
874 1642 1007 1685 suorum
1026 1618 1129 1686 iussit.

71 1720 125 1783 Ad
155 1727 231 1783 octo
261 1721 350 1782 milia
379 1720 479 1782 fuisse
510 1720 665 1783 dicuntur
693 1720 945 1783 fortissimorum
975 1723 1129 1786 virorum.

71 1820 247 1883 Consulem
276 1839 406 1899 quoque
435 1820 622 1882 Romanum
652 1821 873 1903 conquisitum
901 1823 1131 1902 sepultumque

71 1920 209 1999 quidam
224 1926 374 1981 auctores
390 1926 478 1980 sunt.

115 2019 181 2080 Eos
205 2019 261 2097 qui
285 2003 462 2081 Canusium
485 2019 695 2097 perfugerant
719 2020 835 2082 mulier
857 2019 975 2099 Apula,
1000 2021 1130 2084 nomine
1150 2034 1164 2080 r

72 2118 172 2193 Busa,
190 2137 305 2195 genere
323 2118 408 2179 clara
425 2137 463 2179 aa
480 2117 615 2194 divitiis,
634 2119 804 2181 moenibus
821 2126 954 2182 tantum
970 2121 1131 2200 tectisque

71 2238 91 2279 a
109 2217 282 2279 Canusinis
299 2224 462 2295 acceptos
482 2217 647 2279 frumento
666 2224 757 2279 veste
776 2219 897 2281 viatico
916 2220 1017 2282 etiam
1035 2221 1129 2297 iuvit,

71 2336 131 2396 pro
151 2336 216 2395 qua
235 2317 265 2378 ei
284 2316 508 2378 munificentia
527 2323 652 2395 postea,
673 2316 758 2379 bello
776 2317 932 2396 perfeeto,
952 2318 995 2380 ab
1013 2326 1131 2383 senatu

72 2414 212 2478 honores
227 2414 332 2478 habiti
348 2421 436 2478 sunt.
694 2424 698 2431 '
