2496 3908
138 194 180 259 14
613 204 704 254 arvr
1004 205 1190 270 [nooxxxr.

138 379 241 454 vobis,
259 398 360 458 quam
376 399 417 441 ex
434 398 553 456 magna
570 385 663 457 parte
680 378 835 455 dirutam,
854 386 986 458 captam
1001 379 1069 443 iere
1086 387 1195 443 totam

137 477 248 554 habet,
265 478 392 554 adimit,
409 497 502 556 argos
518 478 682 557 relinquit,
698 479 807 541 locum
821 479 1062 557 adsignaturus,
1079 479 1113 540 in
1129 500 1195 559 quo

137 598 262 641 novum
284 578 443 657 oppidum
465 578 653 641 aedificetis.
699 580 825 641 Aurum
846 585 880 641 et
903 585 1076 657 argentum
1098 599 1196 643 omne

102 699 117 747 t
137 676 306 758 publicum
318 677 551 757 privatumque
564 678 606 740 ad
618 697 651 740 se
663 677 754 740 iubet
767 677 899 754 deferri;
925 698 1060 756 corpora
1071 685 1194 754 vestra,

138 777 312 855 coniugum
343 797 381 839 ac
411 777 588 840 liberorum
618 783 803 840 vestrorum
832 784 943 840 servat
972 777 1144 854 inviolata,
1169 780 1196 841 si

136 878 275 940 inermes
298 896 373 939 cum
395 877 479 938 binis
503 877 707 939 vestimentis
730 875 838 939 velitis
860 876 902 938 ab
925 878 1073 955 Sagunto
1095 879 1195 941 exire.

101 993 117 1038 8
138 977 228 1039 Haec
244 976 350 1038 victor
363 976 466 1038 hostis
481 977 621 1055 imperat
629 997 638 1052 ;
664 974 754 1052 haec,
771 995 975 1056 quamquam
989 983 1066 1039 sunt
1081 978 1197 1054 gravia

137 1082 238 1156 atque
269 1075 396 1151 acerba,
428 1076 561 1138 fortuna
593 1081 703 1137 vestra
734 1075 827 1137 vobis
857 1075 986 1138 suadet.
1031 1075 1197 1155 Equidem

137 1174 227 1237 haud
247 1175 391 1255 despero,
413 1194 488 1236 eum
507 1174 654 1237 omnium
674 1180 820 1253 potestas
839 1175 867 1237 ei
886 1175 976 1236 facta
995 1175 1048 1250 sit,
1069 1175 1197 1255 aliquid

102 1290 117 1336 9
138 1294 179 1337 ex
195 1274 245 1336 his
265 1274 387 1352 [rebus]
406 1275 631 1350 remissurum;
662 1273 719 1336 sed
737 1273 788 1336 vel
807 1274 886 1337 haec
905 1274 1062 1353 patienda
1080 1294 1197 1337 censeo

87 1439 90 1445 ,
139 1374 258 1454 potius,
277 1393 378 1453 quam
395 1373 551 1436 trucidari
569 1393 703 1452 corpora
721 1380 841 1449 vestra,
860 1374 929 1451 rapi
947 1372 1100 1453 trahique
1117 1381 1197 1438 ante

93 1454 114 1525 (
139 1493 195 1536 ora
214 1480 324 1537 vestra
344 1474 495 1551 coniuges
514 1493 552 1535 ac
570 1473 688 1535 liberos
707 1472 782 1535 belli
801 1473 869 1535 iure
888 1465 1027 1535 sinatis!¹

90 1585 130 1636 14
181 1574 233 1635 Ad
255 1572 335 1636 haec
358 1573 521 1636 audienda
545 1592 619 1635 cum
643 1573 837 1635 circumfusa
860 1572 1022 1650 paulatim
1045 1573 1198 1637 multitu-

139 1673 213 1736 dine
237 1674 436 1752 permixtum
460 1673 587 1735 senatui
610 1679 695 1734 esset
718 1672 829 1751 populi
854 1672 1036 1748 concilium,
1060 1680 1197 1752 repente

138 1773 294 1852 primores
323 1773 500 1835 secessione
529 1772 629 1847 facta,
660 1772 852 1850 priusquam
881 1791 1073 1851 responsum
1102 1773 1196 1836 dare·

138 1879 201 1948 tur,
223 1878 396 1950 argentum
415 1892 597 1951 aurumque
617 1890 713 1933 omne
732 1892 774 1934 ex
793 1870 924 1950 publico
944 1872 1141 1951 privatoque
1161 1873 1196 1934 in

137 1973 244 2036 forum
262 1974 415 2038 collatum
436 1974 469 2034 in
491 1972 597 2050 ignem
612 1972 653 2035 ad
671 1971 702 2032 id
720 1971 841 2049 raptim
855 1971 982 2033 iactum
998 1971 1196 2035 conicientes

102 2084 117 2129 a
137 2069 253 2133 eodem
272 2069 417 2149 plerique
435 2076 539 2132 semet
559 2070 618 2148 ipsi
639 2070 949 2148 praecipitaverunt.
994 2070 1077 2133 Cum
1095 2091 1137 2133 ex
1156 2092 1197 2135 eo

138 2188 242 2248 pavor
257 2189 295 2231 ac
311 2168 488 2247 trepidatio
505 2175 611 2262 tqtam
625 2169 739 2230 urbem
751 2171 953 2248 pervasisset,
968 2170 1051 2232 alius
1062 2170 1198 2251 insuper

138 2268 301 2331 tumultus
312 2289 354 2331 ex
365 2288 438 2331 aree
449 2268 593 2330 auditur.
637 2269 747 2330 Turris
760 2268 816 2331 diu
828 2277 985 2349 quassata
998 2270 1195 2348 prociderat,

138 2388 259 2447 perque
281 2368 409 2429 ruinam
429 2369 498 2430 eius
521 2367 634 2430 cohors
656 2368 841 2431 Poenorum
861 2370 987 2447 impetu
1007 2370 1097 2432 facto
1119 2390 1195 2433 cum

138 2468 267 2546 signum
292 2468 479 2546 imperatori
507 2467 649 2531 dedisset
674 2468 835 2530 nudatam
861 2468 1060 2532 stationibus
1087 2477 1195 2533 custo·

102 2580 117 2626 3
138 2567 264 2646 diisque
286 2567 390 2629 solitis
414 2566 559 2629 hostium
582 2587 650 2630 esse
674 2567 798 2642 urbem,
823 2588 888 2630 non
914 2569 1138 2630 cunctandum
1161 2570 1195 2630 in

138 2666 197 2728 tali
229 2667 397 2729 occasione
429 2673 521 2728 ratus
554 2667 720 2728 Hannibal
754 2668 833 2728 totis
866 2668 990 2729 viribus
1024 2668 1195 2746 adgressus

138 2765 253 2829 urbem
282 2771 449 2828 momento
480 2767 575 2846 cepit,
606 2767 697 2844 signo
727 2765 816 2842 datn,
847 2773 885 2828 ut
914 2787 1026 2830 omnes
1057 2768 1195 2846 puberes

137 2861 406 2928 interficerentur.
451 2865 547 2942 Quod
569 2866 741 2944 imperium
764 2865 902 2941 crudele,
927 2872 1071 2928 ceterum
1094 2887 1194 2946 prope

102 2978 118 3023 4
137 2965 355 3029 necessarium
379 2966 546 3044 cognitum
568 2964 639 3043 ipso
662 2971 784 3028 eventu
807 2971 867 3028 est.
912 2965 970 3027 Cui
993 2966 1081 3027 enim
1105 2966 1194 3044 parci

139 3065 248 3144 potuit
272 3085 313 3128 ex
337 3064 376 3126 iis
401 3065 457 3144 qui
483 3071 541 3126 aut
566 3064 680 3126 inclusi
706 3085 780 3126 cum
807 3065 998 3142 coniugibus
1023 3085 1060 3125 ac
1085 3064 1195 3126 liberis

139 3165 253 3228 domos
271 3184 369 3243 super
386 3184 419 3227 se
437 3165 524 3243 ipsos
543 3171 833 3226 concremaverunt
852 3169 911 3225 aut
929 3164 1049 3226 armati
1067 3163 1194 3225 nullum

88 3271 216 3327 15ante
240 3264 339 3326 finem
363 3282 490 3342 pugnae
514 3283 615 3342 quam
639 3263 813 3343 morientes
836 3263 1008 3325 fecerunt?
1051 3263 1195 3341 Captum

137 3363 297 3443 oppidum
318 3369 368 3427 est
390 3383 464 3424 cum
485 3363 609 3441 ingenti
632 3362 763 3441 praeda.
808 3363 1018 3442 Quamquam
1041 3361 1195 3441 pleraque

136 3463 179 3526 ab
196 3462 336 3528 dominis
352 3462 392 3525 de
408 3461 569 3525 industria
588 3467 741 3540 corrupta
757 3467 851 3524 erant
868 3467 902 3524 et
918 3461 951 3522 in
969 3460 1122 3524 caedibus
1138 3461 1196 3523 vix
