2496 3908
101 222 384 288 cantassem]
591 222 679 270 mvr
1119 213 1160 274 29

100 398 256 460 Rhodani
279 397 415 459 trecenti
438 397 664 458 Romanorum
685 398 813 475 equites
834 405 1018 459 occurrunt.
1064 398 1159 459 Proe-

100 498 179 559 lium
214 497 358 558 atrooius
391 515 491 574 quarn
525 516 583 574 pro
616 516 751 558 numero
784 497 1003 575 pugnantium
1036 498 1158 573 editur;

99 617 177 658 nam
212 602 344 675 praeter
376 595 481 657 multa
516 596 650 657 vulnera
685 596 798 657 caedes
832 597 933 658 etiam
967 617 1067 674 prope
1101 616 1194 674 pars

99 697 269 775 utrimque
294 695 369 769 fuit,
396 695 540 773 fugaque
566 701 599 757 et
625 715 730 773 pavor
756 696 974 757 Numidarum
1001 697 1159 758 Romanis

56 763 74 949 ἱ
100 797 165 857 iam
190 794 371 857 admodum
393 794 486 856 fessis
510 795 682 856 victoriam
705 795 806 857 dedit.
852 786 998 857 Victores
1021 797 1063 858 ad
1088 815 1159 857 cen-

100 901 172 957 tum
201 893 431 974 quadragint,a
460 914 518 955 neo
546 913 658 955 omnes
685 894 837 969 Romani,
866 895 922 956 sed
950 915 1024 973 pars
1052 895 1158 957 Gallo-

100 1015 183 1070 rum,
208 993 289 1056 victi
303 993 450 1098 amplius
472 993 605 1055 ducenti
628 993 823 1054 ceciderunt.
871 995 941 1055 Hoc
964 1014 1159 1073 principium
1180 1017 1193 1058 -ι

56 1112 65 1151 ι
99 1093 196 1156 simul
219 1058 381 1171 dmenque
402 1092 477 1154 belli
497 1099 535 1155 ut
556 1113 571 1153 s
596 1112 703 1154 mmae
724 1113 831 1154 rerum
851 1113 1043 1172 prosperum
1063 1114 1179 1193 even·

71 1210 74 1219 ·
100 1201 172 1256 tum
201 1193 249 1254 ita
277 1192 365 1253 haud
388 1165 474 1253 saud
497 1112 701 1254 illtrrbbtam
729 1193 946 1272 ancipitisque
974 1194 1159 1256 certaminis

99 1293 275 1355 victoriam
291 1292 449 1353 Romanis
464 1298 539 1370 port
526 1291 642 1354 tendit

141 1394 189 1456 Ut
210 1411 244 1454 re
263 1391 310 1453 ita
329 1397 420 1469 gesta
440 1391 482 1452 ad
502 1381 680 1481 utrumque
699 1392 816 1454 ducem
835 1393 884 1454 sui
904 1393 1079 1472 redierunt,
1100 1414 1159 1455 neo
1179 1415 1193 1458 5

88 1457 295 1570 lScipionit
264 1496 295 1551 st
271 1510 351 1583 are
371 1491 534 1581 sententia
548 1498 607 1569 pot
610 1498 679 1552 erat
683 1493 768 1567 ,nisi
788 1499 826 1554 ut
846 1512 887 1554 ex
908 1493 1122 1554 consiliise
1067 1513 1159 1570 Q)-

100 1593 209 1673 tisque
240 1588 344 1653 hostis
373 1572 410 1653 et
436 1591 504 1669 ipse
535 1597 632 1678 conat
634 1612 672 1668 us
703 1598 843 1670 caperet,
874 1598 908 1654 et
940 1593 1194 1655 Hannibalemo

101 1692 274 1767 incertum,
299 1696 411 1804 utrum
435 1698 588 1769 coeptum
612 1691 645 1751 in
669 1690 801 1753 Italiam
825 1692 1008 1768 intenderet
995 1693 1095 1754 titer
1117 1713 1158 1754 an

101 1909 221 1952 manus
250 1896 440 1974 consereret,
470 1897 563 1952 avert
550 1891 591 1963 tit
620 1911 639 1951 a
668 1891 830 1983 praesenti
860 1897 926 1957 cert
928 1891 1036 1953 amine
1064 1892 1158 1953 Boio

100 2009 175 2051 rum
198 1988 380 2068 legatorum
403 1990 608 2068 reguliquell
608 1989 709 2068 lagali
727 1974 904 2071 adventuo,
913 1991 984 2083 qui
1006 2010 1039 2052 se
1061 1991 1159 2052 duces

101 2090 267 2171 itinerum,
297 2089 400 2149 socios
427 2089 560 2166 periculi
586 2089 655 2150 fore
682 2089 858 2169 adfirmant
845 2096 893 2151 tes
920 2090 1046 2167 integro
1075 2090 1159 2152 bello

102 2207 267 2282 nusquam
288 2194 365 2249 ante
385 2187 495 2251 libatis
516 2188 639 2250 viribus
660 2188 793 2249 Italiam
813 2189 1066 2267 adgrediendam
1088 2210 1158 2267 cen·

102 2294 186 2350 sent.
231 2285 410 2349 Multitudo
432 2287 571 2349 timebat
592 2288 725 2366 quidem
746 2287 820 2349 host
807 2294 874 2350 tem
896 2289 1043 2351 nondum
1064 2288 1159 2363 oblit-
1179 2309 1193 2354 r

102 2393 211 2449 terata
236 2386 392 2448 memoria
418 2387 591 2464 superioris
616 2387 700 2462 belli,
727 2388 783 2450 sed
809 2389 912 2466 magis
937 2389 999 2450 iter
1023 2389 1157 2455 immen-

101 2506 175 2548 sum
201 2485 374 2564 Alpesque,
401 2505 469 2547 rem
493 2486 583 2547 fama
608 2487 755 2565 utique
748 2494 896 2568 inexpert
899 2489 925 2549 is
883 2487 1155 2564 thorrendam,

101 2585 282 2667 nmmebat

144 2686 264 2764 Itaque
290 2686 466 2760 Hannibal,
492 2694 670 2778 polstquam
695 2687 756 2766 ipsi
781 2688 944 2750 sententia
969 2689 1077 2768 stetit·
1084 2709 1155 2768 per·
1165 2699 1207 2746 30

98 2805 176 2871 gere
201 2785 247 2847 ire
272 2791 373 2864 atque
399 2786 531 2848 Italiam
557 2793 676 2867 petere,
703 2787 866 2861 advocata
893 2787 1043 2850 contione
1070 2789 1157 2850 varie

101 2884 245 2946 militurn
272 2891 381 2946 versat
406 2886 533 2961 animos
559 2886 750 2963 castigando
775 2885 1062 2966 adhortandoque:
1100 2889 1192 2951 rui-a

102 2985 167 3057 rari
190 3003 234 3059 se,
260 2983 395 3063 quinam
419 2990 552 3065 pectora
576 3004 703 3063 semper
727 2985 894 3063 impavida
919 3006 1032 3064 repens
1056 2994 1159 3049 terror

102 3083 269 3157 invaserit.
315 3083 377 3145 Per
400 3089 452 3145 tot
476 3103 579 3144 annos
603 3084 764 3145 vincentis
788 3104 843 3146 eos
867 3085 1030 3164 stipendia
1053 3087 1158 3149 facere

102 3201 208 3262 neque
231 3188 310 3244 ante
334 3182 494 3260 Hispania
517 3169 699 3258 excessisse,
725 3203 825 3262 quam
848 3203 959 3246 omnes
981 3193 1158 3264 gentesque

101 3288 135 3344 et
156 3288 270 3357 terrae,
293 3302 375 3361 quas
395 3282 463 3343 duo.
480 3282 608 3344 diversa
628 3283 731 3344 maria
751 3283 1002 3362 amplectantur,
1023 3284 1157 3346 Cartha-

102 3381 297 3460 giniensium
332 3387 450 3443 essent.
496 3381 689 3460 Indignatos
725 3382 841 3444 deinde
877 3383 975 3460 quod,
1012 3384 1193 3462 quicum-s

102 3500 166 3559 que
195 3481 380 3559 Saguntum
410 3480 622 3556 obsedissent,
653 3481 745 3543 velut
774 3481 816 3543 ob
845 3501 965 3543 noxam
994 3482 1054 3543 sibi
1083 3482 1155 3545 dedi
1188 3566 1197 3583 x
