2496 3908
55 246 160 338 Crines,
176 288 218 348 453
232 285 274 347 46,
288 287 347 351 4ῖ.]
544 285 634 334 LIVY
1076 272 1117 338 85

56 464 159 528 textis
184 481 329 543 purpura
354 462 474 525 tunicis
499 461 639 526 candore
664 463 745 524 miro
770 462 972 542 fulgentibus
997 461 1118 525 consti·

56 569 179 627 terant.
225 562 388 625 Numerus
411 561 559 624 omnium
581 562 741 641 peditum,
766 563 822 642 qui
845 569 918 625 tum
941 568 1060 626 stetere
1083 562 1116 623 in

56 664 137 740 acie,
166 662 293 724 milium
318 661 382 724 fuit
408 661 637 740 quadraginta,
666 661 779 725 decem
803 663 963 742 equitum.
1009 663 1150 731 Ducesr

11 794 14 799 ·
58 762 212 826 cornibus
231 767 404 842 praeerant
423 761 554 823 sinistro
574 761 773 838 Hasdrubal,
794 761 910 825 dextro
929 760 1115 838 Maharbal;

58 863 203 927 mediam
223 861 326 925 aciem
347 860 513 922 Hannibal
534 861 602 940 ipse
624 862 818 924 cumfratre
839 862 976 940 Magone
997 861 1114 924 tenuit.

57 963 124 1039 Sol,
141 982 199 1025 seu
215 962 255 1025 de
271 961 432 1024 industria
448 961 495 1023 ita
511 960 627 1023 locatis
643 981 704 1024 seu·
716 961 805 1040 quod
821 961 906 1024 forte
922 962 969 1023 ita
985 967 1114 1038 stetere,
1135 981 1151 1026 a

58 1068 304 1143 peropportune
332 1061 463 1139 utrique
491 1061 577 1139 parti
606 1059 758 1139 obliquus
785 1067 867 1136 erat,
897 1061 1054 1122 Romanis
1082 1062 1117 1122 in

59 1162 239 1237 meridiem,
272 1160 389 1223 Poenis
420 1159 454 1220 in
485 1160 754 1238 septemtrionem
785 1161 885 1223 versis
892 1181 901 1237 ‚·
945 1166 1151 1230 ventus—9

58 1262 259 1326 Volturnum
282 1260 420 1338 regionis
443 1259 567 1322 incolae
590 1266 766 1322 vocant—
779 1260 935 1323 adversus
958 1260 1116 1322 Romanis

59 1368 191 1424 coortus
213 1359 318 1422 multo
339 1359 473 1439 pulvere
494 1359 528 1420 in
549 1359 620 1438 ipsa
642 1379 699 1421 ora
721 1359 885 1423 volvendo
906 1366 1117 1439 prospectum

59 1462 194 1525 ademit.

100 1561 249 1625 Clamore
271 1559 402 1623 sublato
424 1579 615 1639 procursum
637 1559 679 1621 ab
702 1559 829 1622 auxiliis
851 1566 885 1623 et
906 1579 1016 1640 pugna
1037 1559 1115 1623 levi·
1123 1580 1166 1632 4⁷

59 1661 120 1724 bus
141 1662 285 1740 primurn
304 1661 402 1722 armis
423 1659 610 1735 commissa;
643 1659 760 1722 deinde
779 1660 929 1739 equitum
949 1659 1116 1723 Gallorum

60 1762 350 1840 Hispanorumque
369 1759 501 1822 laevum
521 1779 621 1821 comu
642 1778 716 1821 cum
736 1759 852 1822 dextro
872 1759 1023 1821 Romano
1043 1781 1117 1822 con*

61 1862 172 1936 currit,
200 1860 333 1923 minime
358 1859 518 1938 equestris
544 1879 634 1921 more
660 1878 804 1937 pugnae:
841 1859 1005 1921 frontibus
1031 1860 1153 1930 enimn

60 1959 207 2023 adversis
237 1958 496 2021 concurrendum
523 1965 605 2032 erat,
635 1959 713 2037 quia
741 1958 830 2020 nullo
861 1959 943 2021 circa
972 1958 1015 2021 ad
1042 1980 1119 2022 eva·

59 2061 207 2140 gandum
235 2058 347 2123 relicto
374 2059 482 2137 spatio
508 2057 585 2119 hinc
612 2059 727 2134 amnis,
756 2057 831 2120 hinc
859 2059 1008 2137 peditum
1035 2060 1119 2122 acies
1205 2048 1208 2055 ’

61 2158 270 2222 claudebant.
315 2158 355 2219 In
387 2157 555 2220 derectum
584 2158 751 2236 utrimque
781 2158 923 2220 nitentes
954 2159 1155 2227 stantibus3

60 2280 98 2322 ac
125 2258 281 2322 confertis
307 2264 473 2336 postremo
499 2257 597 2319 turba
623 2257 715 2336 equis
741 2258 792 2318 vir
817 2258 924 2319 virum
949 2258 1120 2337 amplexus

61 2358 259 2423 detrahebat
282 2377 378 2437 equo.
423 2357 577 2420 Pedestre
602 2376 721 2434 magna
745 2358 812 2418 iam
835 2378 876 2420 ex
900 2365 993 2436 parte
1018 2364 1120 2420 certa·

60 2480 137 2522 men
156 2459 283 2520 sactum
301 2463 388 2533 erat‚·
419 2457 524 2519 acrius
543 2463 655 2519 tamen
674 2477 775 2536 quam
795 2454 917 2520 diutius
936 2465 1120 2536 pugnatum

59 2567 121 2635 est,
143 2557 293 2636 pulsique
312 2557 455 2618 Romani
473 2557 601 2635 equites
620 2564 712 2634 terga
731 2563 876 2619 vertunt.
921 2556 988 2619 Sub
1007 2577 1120 2637 eques·
1139 2579 1155 2623 4

60 2658 120 2721 tris
139 2657 239 2719 finem
257 2657 443 2719 certaminis
462 2663 573 2718 coorta
590 2663 640 2718 est
658 2656 808 2735 peditum
826 2676 945 2735 pugna,
964 2657 1069 2735 primo
1086 2664 1119 2720 et

60 2758 187 2819 viribus
202 2764 237 2819 et
253 2757 370 2818 animis
386 2776 455 2835 par,
474 2756 553 2817 dum
570 2755 768 2818 constabant
784 2756 912 2818 ordines
929 2755 1028 2818 Gallis
1046 2757 1120 2818 His-

60 2857 239 2937 panisque‚·
271 2850 407 2918 tandem
428 2855 581 2930 Romani,
604 2855 660 2917 diu
680 2875 718 2917 ac
738 2875 834 2934 saepe
856 2856 965 2932 conisi,
987 2855 1120 2935 obliqua
1139 2877 1155 2922 o

60 2957 171 3018 fronte
201 2956 334 3034 acieque
365 2955 465 3018 densa
494 2955 651 3034 impulere
680 2954 826 3017 hostium
856 2975 995 3018 cuneum
1024 2956 1120 3018 nimis

61 3065 197 3120 tenuem
210 3074 314 3134 eoque
328 3074 446 3133 parum
460 3054 617 3130 validum,
633 3076 652 3116 a
667 3062 773 3117 cetera
787 3049 1027 3134 prominentem
1041 3056 1122 3118 acie.

62 3155 217 3235 Impulsis
240 3153 357 3217 deinde
379 3174 417 3215 ac
439 3154 565 3233 trepide
587 3153 801 3217 referentibus
824 3155 941 3234 pedem
962 3155 1154 3232 institores

62 3276 99 3317 ac
128 3261 241 3317 tenore
270 3273 335 3316 uno
364 3273 421 3332 per
449 3273 602 3332 praeceps
630 3273 752 3332 pavore
779 3254 976 3332 fugientium
1003 3274 1120 3333 agmen

62 3356 95 3415 in
126 3354 269 3417 mediam
299 3354 441 3432 primum
482 3354 585 3415 aciem
620 3353 701 3415 illati
732 3360 897 3432 postremo
927 3355 1015 3416 nullo
1046 3356 1120 3417 resi-

18 3492 26 3500 ·
62 3462 170 3518 stente
196 3454 239 3516 ad
264 3453 411 3514 subsidia
437 3452 591 3514 Afrorum
617 3461 846 3531 pervenerunt,
873 3454 929 3532 qui
955 3455 1154 3533 utrimque?

64 3554 215 3617 reductis·
231 3553 290 3614 alis
316 3552 543 3626 constiterant,
571 3552 688 3627 media,
715 3571 780 3632 qua
807 3552 891 3614 Galli
917 3553 1125 3631 Hispanique
