2496 3908
122 241 162 304 98
599 251 689 301 Lrvr
968 251 1179 318 [noornxvr.

121 427 322 509 peditesque,
347 435 380 492 et
405 447 479 491 cum
503 429 541 490 iis
564 429 725 490 Punicum
748 427 958 508 praesidium,
984 429 1036 490 cui
1061 429 1180 492 Bostar

85 534 155 591 'let
179 529 299 591 Hanno
323 535 506 608 praeerant,
531 528 648 607 erupit.
694 529 836 591 Romani
859 535 898 590 ut
922 528 956 589 in
980 548 1014 591 re
1038 528 1177 608 trepida,

122 648 162 690 ne
188 627 231 689 ad
259 647 359 690 unam
388 627 607 690 concurrendo
634 634 764 707 partem
791 626 916 707 aliquid
943 626 1106 690 indefensi
1133 649 1178 690 re

86 740 101 785 8
121 727 315 807 linquerent,
331 729 377 791 ita
392 727 477 790 inter
490 747 559 790 sese
574 714 683 806 copias
696 727 812 806 partiti
826 734 919 790 sunt:
945 727 1007 807 Ap.
1024 727 1179 790 Claudius
1211 781 1213 785 .

121 828 305 906 Campanis,
337 827 473 890 Fulvius
504 827 683 890 Hannibali
714 833 764 890 est
795 828 981 906 oppositus;
1025 827 1060 890 C.
1094 829 1179 891 Nero

122 933 312 1007 propraetor
336 946 410 989 cum
432 927 598 1006 equitibus
620 947 678 989 sex
700 927 864 1006 legionum
887 928 952 1003 via,
977 946 1063 1006 quae
1086 929 1179 992 Sues-

121 1027 226 1090 sulam
246 1028 320 1103 fert,
342 1028 376 1089 C.
400 1026 535 1089 Fulvius
556 1027 691 1088 Flaccus
712 1026 840 1105 legatus
861 1046 936 1088 cum
956 1027 1070 1089 sociali
1091 1028 1180 1107 equi·

86 1133 196 1189 statu
222 1127 369 1189 constitit
393 1146 411 1189 e
435 1127 564 1205 regione
587 1127 740 1188 Volturni
763 1127 879 1188 amnis.
924 1126 1091 1189 Proelium
1115 1147 1179 1188 non

121 1226 218 1289 solito
246 1227 344 1289 modo
373 1227 513 1289 clamore
540 1247 578 1288 ac
607 1226 753 1288 tumultu
781 1232 831 1288 est
859 1232 1023 1305 coeptum,
1053 1226 1111 1288 sed
1138 1226 1180 1289 ad

122 1326 222 1389 alium
259 1327 414 1402 virorum,
451 1345 611 1406 equorum
649 1345 880 1405 armorumque
916 1345 1035 1388 sonum
1073 1327 1180 1406 dispo-

122 1427 184 1488 sita
213 1427 245 1487 in
273 1427 373 1488 muris
400 1425 643 1505 Campanorum
671 1425 810 1488 imbellis
838 1425 1018 1487 multitudo
1047 1432 1180 1488 tantum

123 1546 197 1589 cum
221 1526 302 1589 aeris
328 1526 463 1604 crepitu,
488 1526 594 1605 qualis
618 1526 651 1586 in
675 1524 806 1587 defectu
830 1524 927 1587 lunae
951 1524 1060 1587 silenti
1084 1532 1181 1588 nocte

123 1626 197 1688 cieri
218 1625 311 1701 solet,
333 1624 437 1687 edidit
459 1625 643 1701 clamorem,
666 1631 704 1687 ut
726 1631 889 1687 averteret
910 1624 1011 1686 etiam
1032 1644 1181 1703 pugnan-

73 1737 101 1784 10
123 1725 206 1787 tium
228 1725 364 1787 animos
409 1723 594 1803 Campanos
615 1723 710 1786 facile
731 1744 751 1785 a
773 1723 861 1786 vallo
883 1722 1009 1803 Appius
1031 1724 1165 1786 arcebat
1172 1743 1180 1800 ;

73 1836 100 1881 11
123 1825 226 1887 maior
252 1825 301 1886 vis
327 1824 369 1886 ab
396 1824 500 1886 altera
526 1829 620 1903 parte
646 1823 800 1885 Fulvium
826 1821 993 1885 Hannibal
1020 1829 1054 1885 et
1080 1823 1181 1886 Poeni

122 1924 292 2004 urgebant.
339 1924 436 2003 Legio
459 1923 503 1986 ibi
524 1929 619 1986 sexta
640 1922 711 1985 loco
734 1923 839 1997 cessit,
863 1941 928 2001 qua
949 1922 1043 2001 pulsa
1067 1922 1182 1986 cohors

123 2025 345 2103 Hispanorum
380 2043 454 2086 cum
488 2024 593 2086 tribus
627 2022 809 2102 elephantis
842 2042 946 2101 usque
979 2021 1022 2083 ad
1056 2022 1181 2085 vallum

89 2125 91 2128 ⁴
122 2125 275 2204 pervasit,
303 2130 500 2203 ruperatque
531 2122 674 2185 mediam
699 2122 802 2184 aciem
829 2121 1055 2184 Romanorum
1080 2128 1114 2184 et
1148 2121 1182 2183 in

122 2217 256 2303 ancipiti
246 2244 340 2302 ispe
365 2244 403 2285 ac
429 2223 571 2301 periculo
597 2227 678 2297 erat,
704 2221 851 2284 utrum'
843 2241 877 2282 m
903 2227 1010 2283 castra
1035 2241 1181 2300 perrum-

74 2338 102 2382 12
115 2330 213 2407 peret
232 2345 274 2386 an
295 2324 343 2385 int
330 2323 566 2385 tercluderetur
584 2343 603 2384 a
623 2323 699 2383 suis.
745 2321 850 2397 Quem
869 2340 1026 2400 pavorem
1047 2320 1182 2400 legionis

100 2410 365 2503 periculumque
393 2429 574 2484 castrorum
600 2423 736 2484 Fulvius
762 2421 819 2483 ubi
845 2421 941 2496 vidit,
917 2420 1008 2496 t.Q
1036 2421 1181 2483 Navium

123 2524 342 2602 primoresque
375 2522 455 2585 alios
488 2522 715 2585 centurionum
748 2521 910 2596 hortatur,
942 2526 981 2582 ut
1014 2520 1181 2584 cohortem

123 2623 266 2685 hostium
301 2623 362 2684 sub
399 2622 485 2684 vallo
520 2628 724 2701 pugnantem
760 2620 937 2683 invadant:
984 2620 1018 2680 in
1053 2639 1182 2683 summo

75 2732 103 2777 13
123 2722 306 2784 discrimine
321 2743 388 2784 rem
403 2723 488 2784 verti
496 2742 504 2799 ;
530 2727 589 2784 aut
603 2721 692 2783 viam
706 2720 851 2784 dandam
865 2722 903 2782 iis
916 2739 995 2795 esse,
1010 2724 1044 2782 et
1058 2719 1182 2783 minore

125 2829 253 2898 conatu,
288 2842 388 2901 quam
428 2820 624 2884 condensam
663 2822 766 2884 aciem
805 2821 978 2900 rupissent,
1012 2819 1046 2880 in
1076 2826 1182 2883 castra

124 2923 313 3000 irrupturos
342 2927 400 2983 aut
429 2921 644 2984 conficiendos
665 2921 726 2982 sub
749 2919 835 2981 vallo
858 2940 935 2982 esse.
981 2918 1048 2981 Nec
1073 2918 1182 2998 magni

76 3033 104 3077 14
126 3021 310 3084 certaminis
333 3041 400 3082 rem
423 3021 507 3083 fore:
541 3039 662 3099 paucos
683 3039 752 3082 esse
773 3025 806 3081 et
828 3019 870 3080 ab
892 3020 958 3080 suis
980 3018 1182 3094 interclusos

125 3127 159 3183 et
175 3140 268 3200 quae,
287 3121 365 3182 dum
382 3127 503 3199 paveat
520 3120 701 3195 Romanus,
719 3119 902 3196 interrupta
919 3118 1003 3179 acies
1019 3117 1182 3191 videatur,

126 3241 208 3295 eam,
237 3221 263 3282 si
291 3240 324 3282 se
351 3221 517 3299 utrimque
544 3220 578 3280 in
605 3218 733 3281 hostem
761 3224 881 3292 vertat,
910 3218 1045 3296 ancipiti
1073 3237 1183 3296 pugna

77 3332 107 3378 15
128 3320 251 3382 medios
281 3320 587 3382 circumventuram.
633 3318 758 3380 Navius
786 3317 843 3379 ubi
871 3317 950 3379 haec
979 3317 1184 3395 imperatoris

131 3421 219 3483 dicta
236 3420 372 3497 accepit,
390 3418 522 3481 secundi
539 3417 663 3479 hastati
679 3417 807 3494 signum
824 3416 1016 3494 ademptum
1033 3416 1185 3494 signifero

134 3521 167 3581 in
189 3519 291 3581 hostis
314 3519 420 3593 infert,
445 3519 607 3579 iacturum
630 3517 663 3577 in
685 3516 808 3578 medios
830 3535 885 3577 eos
907 3515 1072 3590 minitans,
1097 3516 1130 3576 ni
1152 3534 1185 3577 se
