2496 3908
56 257 285 324 omarum]
544 258 633 307 mur
1053 247 1116 308 193

21 433 24 437 ’
55 432 203 496 hostium
242 431 429 494 absentium
468 432 766 511 praesentiumque,
808 432 887 494 dum
926 452 1032 511 neque
1070 432 1115 492 illi

55 533 162 595 sciant
177 552 252 594 cum
265 531 473 610 paucioribus
486 552 546 594 nec
559 531 592 592 hi
607 552 682 594 cum
695 531 843 610 pluribus
856 539 890 595 et
903 531 1116 594 validioribus

56 652 124 694 rem
150 651 229 694 esse.
274 630 414 693 Consilio
441 631 574 693 dimisso
600 631 730 708 signum
755 652 885 710 pugnae
910 632 1114 710 proponitur,
1138 648 1166 695 12

55 731 294 810 confestimque
310 732 343 791 in
359 731 463 793 aciem
478 731 670 809 procedunt.

98 832 171 893 Iam
202 830 312 892 hostes
346 837 422 892 ante
458 838 564 893 castra
595 830 750 903 instructi
784 831 930 894 stabant.
989 831 1115 893 Moram
1124 843 1166 896 47

55 951 186 1010 pugnae
213 930 338 1005 attulit,
369 930 457 1019 quod
487 930 686 1005 Hasdrubal,
715 938 891 1009 provectus
919 938 996 994 ante
1024 932 1116 1008 signa

56 1051 131 1093 cum
148 1030 260 1109 paucis
277 1029 453 1108 equitibus,
471 1037 565 1092 scuta
582 1037 694 1092 vetera
711 1030 856 1093 hostium
872 1032 1014 1107 notavit,
1033 1051 1118 1110 quae

55 1137 133 1193 ante
148 1150 215 1191 non
230 1129 370 1205 viderat,
385 1136 419 1191 et
433 1129 634 1206 strigosiores
648 1150 766 1210 equos,
793 1130 972 1193 multitudo
987 1151 1118 1210 quoque

55 1231 159 1291 maior
186 1229 283 1292 solita
313 1229 383 1290 visa
410 1235 469 1291 est.
515 1230 707 1308 Suspicatus
734 1230 821 1292 enim
848 1230 891 1306 id,
920 1230 1009 1309 quod
1036 1239 1152 1306 erata

54 1330 200 1408 receptui
223 1349 360 1408 propere
383 1329 500 1392 cecinit
521 1349 559 1390 ac
581 1330 669 1391 misit
691 1330 733 1390 ad
754 1331 886 1404 flumen,
908 1328 996 1393 unde
1017 1350 1117 1409 aqua-

54 1430 188 1503 bantur,
206 1429 262 1490 ubi
278 1436 311 1490 et
327 1429 432 1507 excipi
449 1429 549 1507 aliqui
567 1436 700 1507 possent
715 1436 749 1491 et
764 1431 872 1491 notari
889 1429 1000 1505 oculiS,
1018 1431 1044 1490 si
1062 1431 1118 1509 qui

54 1529 140 1591 forte
165 1528 341 1590 adustioris
367 1528 480 1589 coloris
505 1536 543 1591 ut
568 1548 608 1589 ex
633 1530 754 1591 recenti
780 1529 834 1589 via
859 1536 967 1591 essent
975 1551 982 1605 ;
1021 1530 1150 1594 simula

55 1627 254 1691 circumvehi
272 1627 383 1706 procul
401 1635 508 1689 castra
524 1628 616 1690 iubet
633 1628 868 1707 specularique,
886 1648 966 1690 num
982 1636 1118 1691 auctum

54 1729 166 1807 aliqua
185 1734 278 1806 parte
296 1727 339 1789 sit
357 1726 492 1801 vallum,
512 1734 545 1790 et
564 1735 601 1789 ut
620 1728 810 1802 attendant,
830 1728 928 1790 semel
947 1728 1038 1790 bisne
1056 1729 1119 1805 sig-

54 1848 136 1890 num
169 1833 267 1889 canat
301 1828 334 1887 in
369 1827 492 1888 castris
539 1827 587 1887 Ea
621 1847 695 1889 cum
727 1827 840 1888 ordine
872 1826 982 1888 omnia
1016 1829 1154 1894 relata4

54 1933 174 2002 essent,
196 1934 302 1990 castra
321 1926 401 1987 nihil
422 1933 520 1988 aucta
540 1946 681 1989 errorem
700 1926 884 1989 faciebant:
914 1926 992 1988 bina
1012 1939 1117 1998 erant,

54 2027 140 2089 sicut
167 2033 244 2088 ante
272 2026 454 2088 adventum
481 2025 620 2088 consulis
647 2026 781 2088 alterius
808 2026 951 2100 fuerant,
980 2046 1045 2088 una
1073 2027 1117 2089 M.

54 2127 138 2202 Livi,
155 2126 257 2189 altera
279 2127 315 2187 L.
338 2126 441 2200 Porci,
464 2127 588 2187 neutris
614 2125 802 2205 quicquam,
830 2145 895 2204 quo
927 2124 1026 2188 latius
1048 2132 1118 2188 ten-

55 2227 197 2300 deretur,
218 2225 261 2287 ad
281 2226 485 2287 munimenta
505 2225 681 2288 adiectum.
727 2224 814 2287 Illud
834 2232 980 2287 veterem
1001 2225 1118 2287 ducem
1139 2243 1155 2287 5

55 2326 297 2404 adsuetumque
319 2325 471 2386 Romano
492 2324 579 2387 hosti
602 2325 717 2400 movit,
741 2324 829 2403 quod
850 2323 948 2386 semel
970 2325 1003 2384 in
1026 2345 1117 2403 prae-

55 2426 148 2488 toriis
186 2425 300 2487 castris
336 2425 475 2502 signum,
513 2424 563 2486 bis
600 2424 632 2484 in
671 2423 894 2486 consularibus
932 2423 1117 2487 referebant

56 2525 218 2588 cecinisse.
265 2525 355 2586 Duos
374 2524 520 2603 profecto
540 2524 687 2587 consules
705 2543 784 2599 esse,
803 2530 837 2586 et
856 2543 1000 2602 quonam
1019 2523 1116 2586 modo

55 2624 140 2695 alter
162 2624 204 2685 ab
229 2623 416 2686 Hannibale
439 2624 658 2700 abscessisset,
684 2644 761 2686 cura
785 2623 937 2700 angebat.
983 2622 1116 2686 Minime
1137 2636 1152 2682 6

54 2724 98 2799 id,
125 2724 215 2803 quod
239 2730 320 2798 erat,
345 2723 503 2803 suspicari
528 2730 669 2803 poterat,
695 2730 810 2786 tantae
835 2725 878 2786 rei
903 2722 1116 2786 frustratione

56 2824 278 2886 Hannibalem
306 2823 444 2898 elusum,
474 2830 522 2899 ut,
552 2824 608 2886 ubi
637 2824 715 2899 duX,
745 2824 801 2886 ubi
829 2823 991 2885 exercitus
1019 2829 1114 2898 esset,

56 2945 131 2987 cum
164 2944 229 3003 quo
263 2931 370 2986 castra
409 2923 527 2986 collata
564 2924 710 3000 haberet,
744 2924 923 3001 ignoraret;
968 2923 1150 3002 profectos

55 3023 145 3086 haud
177 3024 330 3086 mediocri
362 3023 453 3086 clade
484 3024 697 3086 absterritum
728 3024 854 3103 insequi
885 3043 951 3085 non
982 3043 1099 3085 ausum
1107 3044 1115 3101 ;

55 3144 175 3202 magno
200 3144 296 3202 opere
321 3124 435 3199 vereri,
461 3144 502 3186 ne
527 3124 662 3203 perditis
688 3124 784 3187 rebus
808 3143 917 3186 serum
941 3123 1010 3201 ipse
1035 3143 1115 3185 aux-

55 3224 148 3287 ilium
170 3225 312 3286 venisset
335 3224 558 3304 Romanisque
580 3224 696 3287 eadem
717 3225 784 3286 iam
805 3224 938 3286 fortuna
960 3222 994 3283 in
1017 3223 1115 3286 italia

55 3345 140 3404 quae
161 3324 194 3384 in
217 3325 376 3404 Hispania
397 3330 492 3386 esset.
539 3325 710 3386 Interdum
731 3323 858 3386 litteras
879 3342 954 3385 suas
975 3323 1018 3385 ad
1038 3343 1114 3386 eum
1134 3339 1148 3384 8

54 3445 120 3486 non
149 3425 334 3503 pervenisse
363 3425 500 3500 credere,
529 3424 784 3504 interceptisque
811 3424 849 3484 iis
878 3422 1043 3485 consulem
1071 3424 1113 3486 ad

54 3544 122 3586 sese
134 3524 386 3604 opprimendum
399 3511 601 3586 accelerasse.
646 3525 706 3585 His
718 3523 835 3585 anxius
847 3523 931 3585 curis
942 3522 1113 3586 exstinctis
