2496 3908
143 194 163 258 4
620 203 709 253 LIVY
1012 206 1110 272 [Boox
1122 209 1198 261 XXL

107 381 224 444 educe
245 379 317 460 plus
340 379 499 442 confidere
520 386 579 441 aut
600 379 729 442 audere.
774 381 957 443 Plurimum
978 381 1137 447 audaciae
1158 385 1200 448 ad

142 480 283 559 pericula
312 478 519 558 capessenda,
548 478 725 558 plurimum
754 481 877 542 consilii
905 481 990 544 inter
1016 482 1089 561 ipsa
1116 485 1200 562 peri-

143 579 214 642 cula
235 585 323 642 erat
361 579 459 641 Nullo
481 578 591 641 labore
613 585 672 640 aut
695 598 811 658 corpus
832 579 966 658 fatigari
988 587 1047 642 aut
1070 583 1200 646 animus

105 680 227 744 evinci
258 685 399 758 poterat.
443 678 565 741 Oaloris
596 699 634 740 ac
665 678 792 756 frigoris
823 679 983 758 patientia
1015 701 1091 759 par;
1136 684 1198 748 cibi

140 779 347 858 potionisque
384 778 542 841 desiderio
578 778 730 852 naturali,
768 799 834 840 non
872 779 1044 858 voluptate
1080 782 1200 845 modus

141 879 267 954 finitus;
302 876 485 957 vigiliarum
502 878 672 956 somnique
688 898 745 940 nec
768 877 820 941 die
841 898 900 941 nec
922 884 1018 941 nocte
1040 879 1199 943 discrimi-

105 996 119 1042 7
140 986 219 1041 nata
238 986 402 1056 tempora:
432 976 475 1053 id,
495 977 584 1056 quod
601 976 749 1056 gerendis
767 977 863 1040 rebus
880 985 1073 1057 superesset,
1094 981 1199 1059 quieti

140 1078 256 1140 datum
264 1098 272 1153 ;
299 1098 337 1140 ea
363 1097 468 1156 neque
493 1077 581 1138 molli
607 1083 712 1139 strato
738 1096 844 1156 neque
869 1077 997 1141 silentio
1023 1080 1184 1143 accersita
1191 1101 1199 1158 3

140 1178 235 1240 multi
254 1197 350 1256 saepe
368 1177 501 1238 militari
520 1176 631 1254 sagulo
651 1183 802 1255 opertum
822 1176 912 1239 humi
932 1177 1094 1240 iacentem
1112 1179 1200 1243 intel

104 1277 304 1341 acustodias
332 1269 555 1356 stationesque
583 1277 724 1339 militum
753 1284 1012 1355 conspexerunt·
1049 1278 1199 1342 Vestitus

140 1378 217 1439 nihil
241 1378 326 1440 inter
349 1377 500 1456 aequales
523 1377 681 1438 excellens
689 1398 696 1453 ;
732 1397 823 1438 arma
846 1382 948 1456 atque
970 1377 1046 1456 equi
1070 1381 1199 1464 conspi-

140 1479 319 1540 ciebantur.
364 1477 525 1556 Equitum
537 1477 752 1556 peditumque
765 1477 851 1539 idem
865 1477 959 1556 longe
971 1477 1096 1556 primus
1109 1485 1182 1543 erat
1190 1500 1198 1556 ;

104 1580 106 1584 '
139 1578 287 1657 princeps
301 1578 332 1637 in
347 1576 505 1656 proelium
519 1577 599 1651 ibat,
614 1576 753 1638 ultimus
764 1583 913 1639 conserto
926 1577 1048 1655 proelio
1061 1578 1198 1664 excede-

102 1691 118 1736 9
138 1677 207 1739 bat.
253 1678 322 1738 Has
343 1684 455 1738 tantas
476 1677 535 1737 viri
559 1676 697 1738 virtutes
720 1676 865 1754 ingentia
887 1676 967 1738 vitia
989 1676 1197 1755 aequabant:

138 1776 316 1838 inhumana
345 1776 528 1851 crudelitas,
557 1775 692 1854 perfidia
720 1776 793 1854 plus
821 1795 922 1854 quam
951 1776 1085 1852 Punica,
1114 1777 1195 1839 nihil

138 1877 215 1951 veri,
228 1875 306 1936 nihil
320 1876 434 1950 sancti,
448 1875 555 1936 nullus
567 1875 664 1936 deum
677 1881 794 1950 metue,
808 1875 934 1937 nullum
947 1875 1194 1952 iusiurandum,

75 1957 117 2033 310
138 1976 225 2038 nulla
248 1976 367 2054 religio.
412 1975 494 2036 Cum
517 1973 576 2035 hac
600 1973 706 2037 indole
732 1974 891 2036 virtutum
910 1980 1014 2053 atque
1037 1975 1195 2038 vitiorum

138 2075 276 2138 triennio
292 2075 352 2136 sub
371 2074 576 2136 Hasdrubale
593 2075 788 2153 imperatore
806 2074 925 2136 meruit
941 2074 1030 2136 nulla
1048 2094 1091 2150 re,
1109 2095 1195 2154 quae

137 2175 262 2255 agenda
276 2173 482 2252 videndaque
495 2193 614 2252 magno
628 2174 739 2236 futuro
754 2173 829 2234 duci
843 2180 938 2248 esset,
953 2175 1192 2252 praetermissa.

97 2282 118 2331 5
178 2276 329 2338 Ceterum
348 2294 389 2336 ex
407 2293 472 2352 quo
492 2274 543 2335 die
563 2273 631 2334 dux
650 2281 699 2336 est
720 2274 913 2349 declaratus
936 2273 1026 2336 velut
1046 2274 1144 2336 Italia
1164 2276 1192 2338 ei

137 2375 303 2455 provincia
320 2374 450 2436 decreta
467 2373 653 2451 bellumque
671 2375 859 2436 Romanum
885 2359 1080 2435 mandatum
1096 2382 1191 2451 esset,

102 2493 115 2535 2
137 2475 215 2537 nihil
231 2473 463 2553 prolatandum
480 2479 581 2547 ratus,
600 2493 640 2535 ne
657 2494 690 2535 se
707 2493 847 2552 quoque,
866 2479 903 2534 ut
920 2479 1048 2551 patrem
1066 2475 1192 2536 Hamil-

138 2595 253 2650 carem,
283 2574 399 2637 deinde
429 2573 679 2646 Hasdrubalem,
711 2579 921 2635 cunctantem
952 2594 1044 2636 casus
1073 2575 1192 2654 aliquis

66 2751 69 2757 1
137 2675 343 2754 opprimeret,
374 2672 562 2751 Saguntinis
594 2672 709 2734 inferre
740 2672 860 2733 bellum
891 2674 1019 2736 statuit.
1065 2674 1192 2750 Quibus

102 2789 116 2833 3
137 2773 363 2854 oppugnandis
378 2773 455 2851 quia
471 2772 558 2834 haud
574 2772 672 2834 dubie
688 2772 838 2834 Romana
853 2792 943 2834 arma
959 2773 1189 2851 movebantur,

137 2875 170 2936 in
187 2874 346 2937 Olcadum
364 2873 452 2951 prius
468 2867 548 2934 fines
562 2906 602 2914 —
615 2872 702 2934 ultra
721 2871 880 2933 Hiberum
897 2893 935 2934 ea
953 2893 1030 2951 gens
1047 2873 1080 2935 in
1097 2882 1191 2952 parte

137 2955 239 3053 magis
261 2993 360 3052 quam
383 2973 415 3032 in
437 2972 563 3033 dicione
584 2963 901 3049 Carthaginiensium
922 2979 993 3034 erat
1006 3006 1047 3015 —
1060 2973 1190 3038 induxit

136 3073 325 3148 exercitum,
352 3078 390 3134 ut
417 3091 482 3132 non
510 3071 629 3149 petisse
656 3070 863 3148 Saguntinos
893 3072 948 3133 sed
976 3092 1084 3133 rerum
1110 3075 1190 3136 serie

136 3173 282 3234 finitimis
314 3172 447 3233 domitis
479 3170 631 3248 gentibus
664 3170 891 3249 iungendoque
924 3177 1049 3234 tractus
1081 3173 1125 3234 ad
1158 3174 1190 3235 id

101 3287 116 3331 4
136 3272 257 3335 bellurn
275 3272 375 3333 videri
394 3276 512 3348 posset.
557 3269 722 3331 Cartalam
739 3270 852 3332 urbem
871 3270 1071 3348 opulentam,
1090 3280 1190 3351 caput

136 3372 241 3451 gentis
269 3372 347 3444 eiua,
378 3375 545 3447 expugnat
575 3369 767 3447 diripitque;
809 3389 874 3448 quo
904 3376 995 3432 metu
1024 3369 1204 3449 perculsae¹

137 3472 275 3534 minores
298 3471 448 3532 civitates
470 3467 633 3547 stipendio
655 3467 810 3549 imposito
831 3468 1004 3549 imperium
1026 3489 1188 3549 accepere.
