2496 3908
91 253 189 304 oms.
204 252 370 318 caram]
580 251 669 302 urvr
801 294 821 343 R,
848 224 855 261 ²
891 294 907 335 s
935 220 945 237 ”
970 210 973 215 ’
1110 241 1150 305 23

92 427 288 507 praemissis,
311 426 368 507 qui
387 426 556 490 Gallorum
575 428 712 504 animos,
723 412 800 508 K'qua
821 429 1042 492 traducendus
1061 448 1151 492 exer·
1216 424 1238 519 ζ,

91 529 178 590 citus
202 534 284 603 erat,
313 526 407 589 donis
434 527 644 639 conciliarpnt
671 527 869 608 Alpiumque
896 530 1055 592 transitus
1080 549 1151 609 spe-
1164 514 1217 607 ἦθ’

91 628 311 706 solarentur..
335 612 524 706 Nonaginta'
552 600 642 689 uluis
671 628 831 706 peditum,
861 628 1034 691 duodecim
1062 629 1151 690 milia

90 727 242 807 equitum
283 726 444 790 Hiberum
485 726 644 790 traduxit.
690 727 844 807 Ilergetes
884 728 959 790 inde
1000 729 1186 808 Bargus-2

91 847 193 907 osque
214 834 249 890 et
269 827 456 911 Ausetanos
476 833 510 889 et
532 827 756 943 Lacetaniam,
779 846 863 907 quae
885 828 1031 891 subiecta
1053 829 1152 908 Pyre-

90 928 181 990 naeis
202 926 372 989 montibus
392 933 454 1002 est,
476 926 606 1005 subegit
627 910 768 1007 cladeque
789 927 864 989 huic
886 929 975 990 omni
996 930 1151 1007 praefecit

91 1029 302 1103 Hannonem,
330 1033 369 1088 ut
395 1026 516 1103 fauces,
545 1046 630 1106 quae
658 1027 834 1106 Hispanias
861 1028 974 1090 Galliis
1001 1025 1150 1109 iungunt,

90 1128 124 1189 In
147 1132 316 1206 potestate
337 1133 457 1189 essent.
504 1127 624 1190 Decem
648 1127 736 1189 milia
760 1128 909 1207 peditum
933 1130 1087 1191 Hannoni
1109 1130 1151 1192 ad
1173 1141 1187 1185 a

90 1226 292 1306 praesidium
323 1226 522 1290 othnendae
553 1228 691 1306 regionis
722 1228 801 1291 data
832 1235 866 1291 et
897 1230 985 1308 mille
1015 1231 1150 1310 equItes.

90 1327 275 1406 Postquam
301 1346 359 1405 per
382 1326 589 1405 Pyrenaeum
614 1327 736 1389 saltum
763 1328 891 1390 traduci
915 1329 1078 1392 exercitus
1103 1336 1152 1392 est
1172 1345 1187 1388 4

91 1434 229 1507 coeptus
250 1446 425 1506 rumorque
446 1447 503 1507 per
522 1427 680 1490 barbaros
700 1428 850 1490 manavit
871 1429 987 1491 certior
1007 1429 1048 1492 de
1068 1429 1152 1492 bello

90 1527 255 1604 Romano,
289 1528 353 1590 tria
387 1528 476 1589 milia
509 1528 585 1591 inde
617 1529 877 1607 Carpetanorum
909 1528 1059 1607 peditum
1092 1529 1154 1591 iter

91 1633 295 1691 averterunt.
340 1627 524 1690 Constabat
546 1648 612 1691 non
635 1634 705 1690 tam
727 1627 811 1691 bello
834 1634 941 1690 motos
963 1648 1063 1707 quam
1084 1628 1154 1690 lon-

90 1727 278 1808 ginquitate
293 1728 368 1791 viae
383 1728 701 1807 inexsuperabilique
716 1728 849 1806 Alpium
865 1728 1017 1791 transitu.
1063 1729 1153 1790 Han·
1173 1742 1188 1786 5

91 1828 193 1904 nibal,
217 1828 295 1908 quia
318 1848 470 1931 revocarq
491 1835 557 1921 apt,
574 1829 608 1889 vi
630 1828 768 1891 retinere
790 1848 845 1890 eos
867 1848 987 1906 anceps
1008 1834 1089 1904 erat,
1113 1848 1153 1890 ne

92 1933 275 1991 ceterorum
301 1928 402 1991 etiam
428 1908 560 1990 ferbces'
578 1929 678 1990 animi
711 1928 926 2003 irritarentur,
954 1947 1052 2006 supra
1084 1948 1153 2006 sep·
1173 1896 1229 2013 td

92 2034 126 2091 te
172 2028 270 2117 ‚gulia
289 2026 461 2089 hominum
480 2027 595 2090 domos
613 2028 747 2103 remisit,
767 2047 849 2106 quos
867 2034 900 2091 et
919 2021 1004 2106 ipsos
1026 2029 1153 2106 gravari
1161 2032 1175 2067 c
1184 2027 1194 2081 ’ἱ

91 2047 384 2203 lil‘dbial‘senserac,
403 2127 607 2207 Carpetanos
625 2147 756 2207 quoque
774 2127 816 2189 ab
835 2147 868 2189 se
887 2126 1037 2189 dimissos
1054 2128 1152 2189 sImu-

91 2227 173 2290 lans.
220 2227 313 2303 Inde,
343 2246 384 2289 ne
412 2247 504 2289 mora
533 2234 634 2306 atque
664 2227 769 2289 otium
798 2227 925 2289 animos
953 2227 1149 2302 sollicitaret,
1160 2231 1202 2279 24

91 2321 167 2390 edm
192 2327 325 2406 reliquis
351 2327 452 2406 copiis
477 2328 682 2405 Pyrenaeum
708 2327 946 2405 transgreditur
970 2332 1003 2388 et
1028 2326 1070 2388 ad
1096 2346 1152 2404 op·

91 2427 207 2508 pidum
240 2427 366 2489 Iliberri
400 2433 508 2489 castra
540 2426 637 2489 locat.
683 2426 769 2489 Galli
802 2445 1004 2517 quamquam
1036 2426 1188 2503 Italiae2

91 2526 216 2591 bellum
238 2526 348 2588 inferri
370 2525 561 2601 audiebant,
585 2532 707 2601 tamen,
731 2526 809 2604 quia
831 2527 864 2587 vi
886 2510 1040 2617 dubaotbs
1063 2532 1153 2588 trans

91 2626 298 2704 Pyrenaeum
322 2625 489 2710 Hispanos
512 2626 602 2688 fama
627 2632 697 2688 erat
721 2625 950 2704 praesidiaque
975 2624 1083 2686 valida
1108 2625 1154 2685 in-

91 2725 212 2804 posita,
233 2730 324 2787 metu
344 2724 514 2788 servitutis
534 2724 576 2786 ad
599 2745 691 2786 arma
713 2724 912 2787 consternati
933 2724 1153 2786 Ruscinonem

91 2824 219 2904 aliquot
248 2823 361 2903 populi
392 2824 603 2887 conveniunt.
648 2824 749 2900 Quod
775 2823 832 2885 ubi
863 2823 1042 2907 Hannibali
1071 2828 1188 2884 nun-3

91 2923 215 2986 tiatum
232 2928 293 2999 est,
306 2918 440 2985 imcram
459 2923 562 3002 magis
580 2942 681 3002 quam
699 2922 822 2985 bellum
841 2914 1000 2984 metuend-
1009 2928 1153 2984 oratores

91 3021 135 3085 ad
159 3022 286 3100 regulos
310 3042 423 3086 eorum
448 3023 547 3097 misit,
574 3021 714 3101 colloqui
739 3028 842 3084 semet
874 3022 980 3100 ipsum
1012 3040 1085 3082 cum
1115 3021 1153 3082 iis

91 3122 184 3199 velle,
203 3127 237 3184 et
256 3121 307 3184 vel
327 3121 373 3183 illi
391 3122 526 3200 propius
544 3121 706 3183 Iliberrim
724 3121 926 3196 accederent,
947 3120 998 3182 vel
1017 3140 1051 3182 se
1069 3121 1152 3182 Rus-

93 3222 242 3284 cinonem
258 3240 495 3300 processurum,
513 3227 550 3282 ut
566 3240 607 3282 ex
622 3221 807 3299 propinquo
824 3239 1013 3299 congressus
1027 3219 1154 3281 facilior

91 3328 193 3385 esset:
215 3327 343 3383 namet
360 3311 572 3400 accepturum
589 3339 644 3383 eos
661 3320 695 3380 in
712 3326 818 3381 castra
834 3339 938 3382 suase
953 3319 1077 3381 laetum
1094 3339 1151 3380 nec
1172 3332 1187 3376 4

93 3425 288 3485 cunctanter
306 3440 340 3482 se
359 3420 467 3499 ipsum
486 3420 528 3481 ad
547 3439 602 3482 eos
622 3425 809 3481 venturum.
855 3403 1029 3496 Hospitem
1065 3419 1152 3480 enim

91 3541 125 3584 se
151 3519 288 3595 Galliae,
315 3538 383 3581 non
408 3517 537 3581 hostem
563 3519 745 3594 advenisse,
772 3537 831 3580 nec
858 3519 1049 3599 stricturum
1075 3523 1153 3579 ante
