2496 3908
132 238 195 301 120
612 253 704 304 nrvr
958 254 1184 319 [moxxxvn

131 426 245 503 clades,
267 427 333 490 duo
356 429 502 492 consules
522 431 671 509 proximo
699 451 786 493 anno
815 414 978 494 interfecti
1002 431 1172 494 terrebant
1179 451 1187 508 ;

131 533 164 589 et
178 546 216 589 ea
231 529 340 589 omnia
354 528 518 605 accidisse,
535 549 609 592 cum
623 550 708 592 unus
722 531 910 610 imperator,
925 547 1011 593 unus
1025 531 1188 594 exercitus

72 713 75 719 Ι
131 626 275 690 hostium
301 628 334 688 in
360 629 458 690 Italia
483 635 584 706 esset,·
622 649 709 692 nunc
735 631 800 694 duo
826 630 911 693 bella
936 630 1062 693 Punica
1088 631 1187 707 facta,

75 718 77 722 ’
131 727 213 790 duos
232 728 379 807 ingentes
399 729 570 806 exercitus,
592 729 674 793 duos
693 750 794 810 prope
814 730 1017 793 Hannibales
1037 730 1072 792 in
1092 731 1189 794 Italia

95 844 208 890 cesse.
254 828 382 907 Quippe
420 835 454 892 et
495 829 736 892 Hasdrubalem
775 836 869 909 patre
907 830 1023 893 eodem
1064 829 1189 893 Hamil-

132 948 204 990 care
238 929 395 1006 genitum,
419 949 522 1008 aeque
555 930 729 1009 impigrum
761 930 889 1007 ducem,
911 950 970 1008 per
1002 935 1061 993 tot‘
1087 950 1190 993 annos

131 1028 164 1088 in
187 1028 347 1107 Hispania
362 1028 521 1100 ,Romano
543 1030 760 1092 exercitatum
783 1029 877 1105 bello,
900 1029 1030 1108 gemina
1052 1030 1190 1093 victoria

131 1127 289 1206 insignem
326 1128 454 1207 duobus
489 1130 686 1192 exercitibus
722 1149 796 1191 cum
833 1129 1017 1191 clarissimis
1053 1129 1190 1192 ducibus

96 1225 255 1289 rdeletis.
302 1228 387 1289 Nam
412 1228 535 1291 itineris
560 1228 693 1308 quidem
718 1229 883 1292 celeritate
907 1248 948 1291 ex
973 1229 1136 1308 Hispania
1158 1235 1191 1291 et

132 1327 304 1390 concitatis
327 1328 369 1390 ad
393 1348 484 1389 arma
507 1329 638 1391 Gallicis
660 1329 813 1408 gentibus
835 1328 941 1391 multo
964 1328 1069 1408 magis
1092 1348 1191 1410 quam

96 1442 110 1487 s
132 1426 352 1489 Hannibalem
369 1428 476 1506 ipsum
491 1428 620 1507 gloriari
636 1448 745 1507 posse:
772 1429 894 1508 quippe
910 1428 943 1488 in
958 1428 996 1490 iis
1011 1428 1092 1491 locis
1106 1428 1191 1490 bunc

132 1526 271 1604 coegisse
293 1527 483 1604 exercitum,
506 1528 625 1607 quibus
646 1528 698 1590 ille
720 1528 876 1590 maiorem
897 1533 1035 1607 partem·
1048 1528 1191 1590 militum

130 1625 218 1688 fame
232 1646 270 1688 ac
285 1627 412 1705 frigore,
429 1648 513 1706 quae
525 1628 704 1689 miserrima
717 1628 831 1690 mortis
846 1647 963 1706 genera
979 1628 1055 1703 sint,
1068 1628 1191 1690 amisis·

96 1746 111 1791 a
131 1731 191 1787 set.
237 1726 433 1788 Adiciebant
449 1727 550 1789 etiam
566 1727 662 1806 periti
679 1747 786 1789 rerum
804 1727 993 1806 Hispaniae,
1011 1726 1101 1789 haud
1119 1746 1192 1790 cum

132 1825 244 1903 ignoto
267 1845 341 1887 eum
365 1827 446 1888 duce
468 1826 502 1888 C.
527 1827 655 1888 Nerone
678 1846 935 1905 congressurum,
958 1825 1015 1888 sed
1038 1845 1138 1906 quem
1161 1827 1191 1887 in

132 1925 218 1986 saltu
239 1925 397 2004 impedito
416 1925 593 2004 deprensus
611 1926 696 1988 forte
715 1926 804 1988 haud
823 1945 915 1988 secus
933 1945 1035 2005 quam
1054 1945 1193 2005 puerum

133 2025 372 2088 conscribendis
406 2026 577 2087 fallacibus
612 2026 857 2088 condicionibus
891 2025 980 2104 pacis
1014 2025 1192 2089 frustratus

83 2144 111 2188 ro
132 2125 289 2187 elusisset.
346 2125 464 2187 Omnia
486 2126 609 2187 maiora
631 2126 732 2187 etiam
753 2146 831 2187 vero
852 2124 1014 2204 praesidia
1035 2124 1191 2201 hostium,

133 2224 258 2285 minora
273 2244 342 2300 sua,
359 2231 450 2287 metu
466 2225 643 2304 interprete
658 2244 786 2303 semper
800 2224 833 2285 in
848 2223 1009 2287 deteriora
1024 2223 1191 2303 inclinato,

134 2324 309 2386 ducebant.
1153 2314 1156 2317 ¹

81 2437 125 2487 45
177 2424 262 2487 Nero
300 2432 478 2504 postquam
521 2424 587 2486 iam
630 2430 763 2487 tantum
802 2423 967 2487 intervalli
1009 2424 1052 2486 ab
1096 2424 1189 2488 hoste

132 2525 264 2599 fecerat,
296 2531 333 2587 ut
364 2524 471 2602 detegi
502 2524 672 2586 consilium
701 2524 782 2586 satis
812 2530 924 2587 tutum
953 2529 1049 2599 esset,
1081 2524 1193 2603 paucis

96 2624 251 2686 amilites
284 2623 482 2703 adloquitur.
528 2624 635 2701 Negat
667 2623 763 2685 ullius
790 2623 960 2685 consilium
986 2623 1193 2701 imperatoris

132 2725 165 2784 in
190 2724 331 2802 speciem
356 2725 523 2799 audacius,
549 2744 582 2786 re
607 2724 678 2803 ipsa
703 2724 808 2785 tutius
833 2724 932 2786 fuisse
958 2742 1059 2802 quam
1084 2742 1189 2785 suum.

96 2824 183 2885 3Ad
213 2831 336 2886 certam
363 2844 417 2886 eos
445 2844 478 2886 se
506 2824 680 2885 victoriam
708 2824 841 2885 ducere:
880 2823 1002 2902 quippe
1030 2823 1074 2884 ad
1102 2821 1191 2902 quod

132 2922 253 2985 bellum
287 2923 407 3000 collega
439 2944 505 2984 non
538 2931 625 2998 ante,
657 2943 760 3002 quam
792 2923 835 2984 ad
867 2923 1058 2985 satietatem
1090 2922 1191 3001 ipsius

132 3023 281 3101 peditum
303 3030 403 3102 atque
424 3024 574 3102 equitum
596 3024 693 3085 datae
716 3022 757 3083 ab
778 3028 896 3084 senatu
918 3022 1030 3101 copiae
1051 3021 1192 3084 fuissent

133 3124 270 3185 maiores
292 3124 592 3202 instructioresque,
616 3143 717 3202 quam
739 3123 765 3183 si
789 3123 944 3184 adversus
966 3121 1076 3200 ipsum
1104 3121 1192 3183 Han-

132 3222 274 3284 nibalem
302 3224 373 3297 iret,
402 3223 567 3301 profectus
594 3222 647 3296 sit,
676 3242 714 3284 eo
741 3222 802 3300 ipsi
829 3221 856 3282 si
884 3226 1191 3300 quantumcumque

133 3323 252 3383 virium
275 3330 479 3385 momentum
501 3322 698 3397 addiderint,
722 3342 790 3383 rem
812 3341 943 3383 omnem
966 3320 1190 3382 inclinaturos

97 3432 112 3476 4
132 3422 294 3484 Auditum
312 3424 409 3485 modo
427 3424 459 3483 in
477 3422 684 3483 acie-nam
700 3441 741 3484 ne
759 3427 835 3483 ante
853 3421 1017 3494 audiatur,
1036 3420 1192 3482 daturum

133 3523 474 3602 operam—alterum
503 3521 669 3584 consulem
696 3527 730 3583 et
758 3521 899 3583 alterum
926 3520 1108 3582 exercitum
1137 3519 1191 3581 ad-
