<?xml version="1.0" encoding="UTF-8"?>
<!DOCTYPE html PUBLIC "-//W3C//DTD XHTML 1.0 Transitional//EN"
    "http://www.w3.org/TR/xhtml1/DTD/xhtml1-transitional.dtd">
<html xmlns="http://www.w3.org/1999/xhtml" xml:lang="en" lang="en">
 <head>
  <title>
</title>
<meta http-equiv="Content-Type" content="text/html;charset=utf-8" />
  <meta name='ocr-system' content='tesseract 3.04.00' />
  <meta name='ocr-capabilities' content='ocr_page ocr_carea ocr_par ocr_line ocrx_word'/>
</head>
<body>
  <div class='ocr_page' id='page_1' title='image "./livysecondpunic00livygoog_0158.png"; bbox 0 0 2496 3908; ppageno 0'>
   <div class='ocr_carea' id='block_1_1' title="bbox 63 217 1123 296">
    <p class='ocr_par' dir='ltr' id='par_1_1' title="bbox 63 217 1123 296">
     <span class='ocr_line' id='line_1_1' title="bbox 63 217 1123 296; baseline 0 -14"><span class='ocrx_word' id='word_1_1' title='bbox 63 230 167 282; x_wconf 59' lang='lat' dir='ltr'>sarrs.</span> <span class='ocrx_word' id='word_1_2' title='bbox 183 231 224 292; x_wconf 83' lang='lat' dir='ltr'>ac,</span> <span class='ocrx_word' id='word_1_3' title='bbox 238 231 294 296; x_wconf 85' lang='lat' dir='ltr'>sa]</span> <span class='ocrx_word' id='word_1_4' title='bbox 385 281 389 288; x_wconf 73' lang='grc'><strong>,</strong></span> <span class='ocrx_word' id='word_1_5' title='bbox 545 227 638 279; x_wconf 74' lang='lat' dir='ltr'>mur</span> <span class='ocrx_word' id='word_1_6' title='bbox 1061 217 1123 282; x_wconf 85' lang='lat'>131</span> 
     </span>
    </p>
   </div>
   <div class='ocr_carea' id='block_1_2' title="bbox 61 405 1173 3579">
    <p class='ocr_par' dir='ltr' id='par_1_2' title="bbox 63 405 1173 1380">
     <span class='ocr_line' id='line_1_2' title="bbox 64 405 1124 487; baseline -0.001 -17"><span class='ocrx_word' id='word_1_7' title='bbox 64 408 165 487; x_wconf 89' lang='lat' dir='ltr'>capti,</span> <span class='ocrx_word' id='word_1_8' title='bbox 183 406 330 484; x_wconf 89' lang='lat' dir='ltr'>legatum</span> <span class='ocrx_word' id='word_1_9' title='bbox 347 426 421 468; x_wconf 92' lang='lat' dir='ltr'>cum</span> <span class='ocrx_word' id='word_1_10' title='bbox 437 405 508 467; x_wconf 89' lang='lat' dir='ltr'>aliis</span> <span class='ocrx_word' id='word_1_11' title='bbox 525 405 637 468; x_wconf 90' lang='lat' dir='ltr'>decem</span> <span class='ocrx_word' id='word_1_12' title='bbox 653 405 768 483; x_wconf 90' lang='lat' dir='ltr'>legatis</span> <span class='ocrx_word' id='word_1_13' title='bbox 786 406 889 470; x_wconf 78' lang='lat' dir='ltr'>tradit</span> <span class='ocrx_word' id='word_1_14' title='bbox 905 406 939 467; x_wconf 92' lang='lat' dir='ltr'>in</span> <span class='ocrx_word' id='word_1_15' title='bbox 957 413 1064 468; x_wconf 87' lang='lat' dir='ltr'>castra</span> <span class='ocrx_word' id='word_1_16' title='bbox 1081 405 1124 469; x_wconf 90' lang='lat' dir='ltr'>ad</span> 
     </span>
     <span class='ocr_line' id='line_1_3' title="bbox 63 505 1160 586; baseline -0.004 -15"><span class='ocrx_word' id='word_1_17' title='bbox 63 507 251 586; x_wconf 84' lang='lat' dir='ltr'>Scipionem</span> <span class='ocrx_word' id='word_1_18' title='bbox 262 506 398 568; x_wconf 86' lang='lat' dir='ltr'>venisse.</span> <span class='ocrx_word' id='word_1_19' title='bbox 443 505 596 567; x_wconf 85' lang='lat' dir='ltr'>Ceterum</span> <span class='ocrx_word' id='word_1_20' title='bbox 607 505 714 583; x_wconf 92' lang='lat' dir='ltr'>Scipio</span> <span class='ocrx_word' id='word_1_21' title='bbox 734 526 807 568; x_wconf 93' lang='lat' dir='ltr'>cum</span> <span class='ocrx_word' id='word_1_22' title='bbox 820 505 1017 584; x_wconf 85' lang='lat' dir='ltr'>colloquium</span> <span class='ocrx_word' id='word_1_23' title='bbox 1035 505 1124 567; x_wconf 91' lang='lat' dir='ltr'>haud</span> <span class='ocrx_word' id='word_1_24' title='bbox 1145 515 1160 560; x_wconf 84' lang='lat'>8</span> 
     </span>
     <span class='ocr_line' id='line_1_4' title="bbox 63 605 1125 684; baseline -0.001 -14"><span class='ocrx_word' id='word_1_25' title='bbox 63 607 245 682; x_wconf 81' lang='lat' dir='ltr'>abnuisset,</span> <span class='ocrx_word' id='word_1_26' title='bbox 260 605 357 667; x_wconf 91' lang='lat' dir='ltr'>ambo</span> <span class='ocrx_word' id='word_1_27' title='bbox 371 625 412 668; x_wconf 87' lang='lat' dir='ltr'>ex</span> <span class='ocrx_word' id='word_1_28' title='bbox 426 605 607 683; x_wconf 90' lang='lat' dir='ltr'>composito</span> <span class='ocrx_word' id='word_1_29' title='bbox 621 605 719 667; x_wconf 89' lang='lat' dir='ltr'>duces</span> <span class='ocrx_word' id='word_1_30' title='bbox 733 611 840 667; x_wconf 89' lang='lat' dir='ltr'>castra</span> <span class='ocrx_word' id='word_1_31' title='bbox 854 605 1072 684; x_wconf 89' lang='lat' dir='ltr'>protulerunt,</span> <span class='ocrx_word' id='word_1_32' title='bbox 1087 611 1125 669; x_wconf 87' lang='lat' dir='ltr'>ut</span> 
     </span>
     <span class='ocr_line' id='line_1_5' title="bbox 65 703 1161 785; baseline -0.003 -15"><span class='ocrx_word' id='word_1_33' title='bbox 65 707 150 770; x_wconf 88' lang='lat' dir='ltr'>coire</span> <span class='ocrx_word' id='word_1_34' title='bbox 171 726 212 768; x_wconf 88' lang='lat' dir='ltr'>ex</span> <span class='ocrx_word' id='word_1_35' title='bbox 233 705 418 785; x_wconf 91' lang='lat' dir='ltr'>propinquo</span> <span class='ocrx_word' id='word_1_36' title='bbox 440 711 583 784; x_wconf 90' lang='lat' dir='ltr'>possent.</span> <span class='ocrx_word' id='word_1_37' title='bbox 628 705 736 783; x_wconf 81' lang='lat' dir='ltr'>Scipio</span> <span class='ocrx_word' id='word_1_38' title='bbox 757 703 847 767; x_wconf 91' lang='lat' dir='ltr'>haud</span> <span class='ocrx_word' id='word_1_39' title='bbox 868 704 1125 784; x_wconf 89' lang='lat' dir='ltr'>procul-Narag·</span> <span class='ocrx_word' id='word_1_40' title='bbox 1145 723 1161 767; x_wconf 86' lang='lat'>9</span> 
     </span>
     <span class='ocr_line' id='line_1_6' title="bbox 64 804 1125 886; baseline 0 -18"><span class='ocrx_word' id='word_1_41' title='bbox 64 827 144 886; x_wconf 88' lang='lat' dir='ltr'>gara</span> <span class='ocrx_word' id='word_1_42' title='bbox 175 805 265 881; x_wconf 93' lang='lat' dir='ltr'>urbe,</span> <span class='ocrx_word' id='word_1_43' title='bbox 298 825 372 867; x_wconf 92' lang='lat' dir='ltr'>cum</span> <span class='ocrx_word' id='word_1_44' title='bbox 403 805 445 866; x_wconf 88' lang='lat' dir='ltr'>ad</span> <span class='ocrx_word' id='word_1_45' title='bbox 477 811 584 867; x_wconf 89' lang='lat' dir='ltr'>cetera</span> <span class='ocrx_word' id='word_1_46' title='bbox 613 804 684 867; x_wconf 93' lang='lat' dir='ltr'>loco</span> <span class='ocrx_word' id='word_1_47' title='bbox 715 812 902 885; x_wconf 90' lang='lat' dir='ltr'>opportuno</span> <span class='ocrx_word' id='word_1_48' title='bbox 933 812 1005 867; x_wconf 91' lang='lat' dir='ltr'>tum</span> <span class='ocrx_word' id='word_1_49' title='bbox 1036 806 1125 885; x_wconf 93' lang='lat' dir='ltr'>quod</span> 
     </span>
     <span class='ocr_line' id='line_1_7' title="bbox 65 904 1173 986; baseline -0.004 -17"><span class='ocrx_word' id='word_1_50' title='bbox 65 907 202 986; x_wconf 92' lang='lat' dir='ltr'>aquatio</span> <span class='ocrx_word' id='word_1_51' title='bbox 230 906 317 967; x_wconf 90' lang='lat' dir='ltr'>intra</span> <span class='ocrx_word' id='word_1_52' title='bbox 346 904 402 967; x_wconf 90' lang='lat' dir='ltr'>teli</span> <span class='ocrx_word' id='word_1_53' title='bbox 432 904 616 966; x_wconf 88' lang='lat' dir='ltr'>coniectum</span> <span class='ocrx_word' id='word_1_54' title='bbox 643 911 724 980; x_wconf 89' lang='lat' dir='ltr'>erat,</span> <span class='ocrx_word' id='word_1_55' title='bbox 755 905 911 967; x_wconf 85' lang='lat' dir='ltr'>consedit.</span> <span class='ocrx_word' id='word_1_56' title='bbox 958 905 1124 966; x_wconf 83' lang='lat' dir='ltr'>Hannibal</span> <span class='ocrx_word' id='word_1_57' title='bbox 1146 919 1173 965; x_wconf 86' lang='lat'>10</span> 
     </span>
     <span class='ocr_line' id='line_1_8' title="bbox 65 1004 1125 1084; baseline -0.002 -15"><span class='ocrx_word' id='word_1_58' title='bbox 65 1006 232 1069; x_wconf 88' lang='lat' dir='ltr'>tumulum</span> <span class='ocrx_word' id='word_1_59' title='bbox 250 1026 269 1067; x_wconf 92' lang='lat' dir='ltr'>a</span> <span class='ocrx_word' id='word_1_60' title='bbox 288 1011 448 1084; x_wconf 90' lang='lat' dir='ltr'>quattuor</span> <span class='ocrx_word' id='word_1_61' title='bbox 465 1004 595 1066; x_wconf 91' lang='lat' dir='ltr'>milibus</span> <span class='ocrx_word' id='word_1_62' title='bbox 613 1004 699 1080; x_wconf 90' lang='lat' dir='ltr'>inde,</span> <span class='ocrx_word' id='word_1_63' title='bbox 718 1011 830 1067; x_wconf 91' lang='lat' dir='ltr'>tutum</span> <span class='ocrx_word' id='word_1_64' title='bbox 850 1004 1125 1084; x_wconf 90' lang='lat' dir='ltr'>commodumque</span> 
     </span>
     <span class='ocr_line' id='line_1_9' title="bbox 64 1103 1123 1185; baseline -0.005 -16"><span class='ocrx_word' id='word_1_65' title='bbox 64 1106 198 1185; x_wconf 88' lang='lat' dir='ltr'>alioqui,</span> <span class='ocrx_word' id='word_1_66' title='bbox 218 1105 279 1166; x_wconf 88' lang='lat' dir='ltr'>nisi</span> <span class='ocrx_word' id='word_1_67' title='bbox 298 1105 388 1184; x_wconf 92' lang='lat' dir='ltr'>quod</span> <span class='ocrx_word' id='word_1_68' title='bbox 406 1104 603 1183; x_wconf 84' lang='lat' dir='ltr'>longinquae</span> <span class='ocrx_word' id='word_1_69' title='bbox 623 1104 810 1183; x_wconf 88' lang='lat' dir='ltr'>aquationis</span> <span class='ocrx_word' id='word_1_70' title='bbox 828 1111 910 1179; x_wconf 89' lang='lat' dir='ltr'>erat,</span> <span class='ocrx_word' id='word_1_71' title='bbox 931 1105 1027 1184; x_wconf 90' lang='lat' dir='ltr'>cepit.</span> <span class='ocrx_word' id='word_1_72' title='bbox 1065 1103 1123 1164; x_wconf 82' lang='lat' dir='ltr'>-Ibi</span> 
     </span>
     <span class='ocr_line' id='line_1_10' title="bbox 63 1203 1123 1283; baseline -0.002 -17"><span class='ocrx_word' id='word_1_73' title='bbox 63 1206 97 1267; x_wconf 90' lang='lat' dir='ltr'>in</span> <span class='ocrx_word' id='word_1_74' title='bbox 122 1205 230 1268; x_wconf 90' lang='lat' dir='ltr'>medio</span> <span class='ocrx_word' id='word_1_75' title='bbox 253 1204 343 1266; x_wconf 87' lang='lat' dir='ltr'>locus</span> <span class='ocrx_word' id='word_1_76' title='bbox 367 1210 560 1282; x_wconf 90' lang='lat' dir='ltr'>conspectus</span> <span class='ocrx_word' id='word_1_77' title='bbox 584 1203 739 1283; x_wconf 91' lang='lat' dir='ltr'>undique,</span> <span class='ocrx_word' id='word_1_78' title='bbox 764 1224 804 1267; x_wconf 89' lang='lat' dir='ltr'>ne</span> <span class='ocrx_word' id='word_1_79' title='bbox 828 1203 908 1283; x_wconf 92' lang='lat' dir='ltr'>quid</span> <span class='ocrx_word' id='word_1_80' title='bbox 931 1204 1123 1266; x_wconf 90' lang='lat' dir='ltr'>insidiarum</span> 
     </span>
     <span class='ocr_line' id='line_1_11' title="bbox 63 1304 331 1380; baseline -0.011 -12"><span class='ocrx_word' id='word_1_81' title='bbox 63 1312 160 1380; x_wconf 89' lang='lat' dir='ltr'>esset,</span> <span class='ocrx_word' id='word_1_82' title='bbox 177 1304 331 1366; x_wconf 90' lang='lat' dir='ltr'>delectus.</span> 
     </span>
    </p>

    <p class='ocr_par' dir='ltr' id='par_1_3' title="bbox 61 1403 1173 3579">
     <span class='ocr_line' id='line_1_12' title="bbox 106 1403 1173 1482; baseline -0.009 -13"><span class='ocrx_word' id='word_1_83' title='bbox 106 1405 287 1469; x_wconf 85' lang='lat' dir='ltr'>Summotis</span> <span class='ocrx_word' id='word_1_84' title='bbox 324 1404 393 1482; x_wconf 92' lang='lat' dir='ltr'>pari</span> <span class='ocrx_word' id='word_1_85' title='bbox 429 1403 537 1482; x_wconf 89' lang='lat' dir='ltr'>spatio</span> <span class='ocrx_word' id='word_1_86' title='bbox 571 1403 706 1466; x_wconf 90' lang='lat' dir='ltr'>armatis</span> <span class='ocrx_word' id='word_1_87' title='bbox 743 1423 817 1465; x_wconf 90' lang='lat' dir='ltr'>cum</span> <span class='ocrx_word' id='word_1_88' title='bbox 853 1403 986 1481; x_wconf 90' lang='lat' dir='ltr'>singulis</span> <span class='ocrx_word' id='word_1_89' title='bbox 1022 1404 1173 1466; x_wconf 84' lang='lat' dir='ltr'>inter-30</span> 
     </span>
     <span class='ocr_line' id='line_1_13' title="bbox 63 1503 1122 1590; baseline -0.003 -24"><span class='ocrx_word' id='word_1_90' title='bbox 63 1504 212 1585; x_wconf 87' lang='lat' dir='ltr'>pretibus</span> <span class='ocrx_word' id='word_1_91' title='bbox 236 1504 396 1590; x_wconf 81' lang='lat' dir='ltr'>congressi</span> <span class='ocrx_word' id='word_1_92' title='bbox 420 1510 508 1579; x_wconf 91' lang='lat' dir='ltr'>sunt,</span> <span class='ocrx_word' id='word_1_93' title='bbox 532 1523 598 1565; x_wconf 91' lang='lat' dir='ltr'>non</span> <span class='ocrx_word' id='word_1_94' title='bbox 621 1523 699 1566; x_wconf 87' lang='lat' dir='ltr'>suae</span> <span class='ocrx_word' id='word_1_95' title='bbox 723 1503 820 1566; x_wconf 97' lang='lat' dir='ltr'>m0d0</span> <span class='ocrx_word' id='word_1_96' title='bbox 844 1504 963 1566; x_wconf 89' lang='lat' dir='ltr'>aetatis</span> <span class='ocrx_word' id='word_1_97' title='bbox 987 1503 1122 1564; x_wconf 87' lang='lat' dir='ltr'>maximi</span> 
     </span>
     <span class='ocr_line' id='line_1_14' title="bbox 64 1602 1122 1680; baseline -0.003 -13"><span class='ocrx_word' id='word_1_98' title='bbox 64 1605 173 1679; x_wconf 79' lang='lat' dir='ltr'>duceS,</span> <span class='ocrx_word' id='word_1_99' title='bbox 202 1604 259 1666; x_wconf 89' lang='lat' dir='ltr'>sed</span> <span class='ocrx_word' id='word_1_100' title='bbox 286 1604 392 1665; x_wconf 91' lang='lat' dir='ltr'>omnis</span> <span class='ocrx_word' id='word_1_101' title='bbox 420 1611 497 1666; x_wconf 91' lang='lat' dir='ltr'>ante</span> <span class='ocrx_word' id='word_1_102' title='bbox 524 1623 558 1665; x_wconf 90' lang='lat' dir='ltr'>se</span> <span class='ocrx_word' id='word_1_103' title='bbox 587 1603 771 1679; x_wconf 89' lang='lat' dir='ltr'>memoriae,</span> <span class='ocrx_word' id='word_1_104' title='bbox 800 1603 947 1665; x_wconf 93' lang='lat' dir='ltr'>omnium</span> <span class='ocrx_word' id='word_1_105' title='bbox 975 1602 1122 1680; x_wconf 90' lang='lat' dir='ltr'>gentium</span> 
     </span>
     <span class='ocr_line' id='line_1_15' title="bbox 64 1702 1157 1781; baseline -0.003 -15"><span class='ocrx_word' id='word_1_106' title='bbox 64 1704 198 1766; x_wconf 91' lang='lat' dir='ltr'>cuilibet</span> <span class='ocrx_word' id='word_1_107' title='bbox 232 1722 344 1781; x_wconf 88' lang='lat' dir='ltr'>regum</span> <span class='ocrx_word' id='word_1_108' title='bbox 377 1703 656 1781; x_wconf 89' lang='lat' dir='ltr'>imperatorumve</span> <span class='ocrx_word' id='word_1_109' title='bbox 690 1722 793 1781; x_wconf 72' lang='lat' dir='ltr'>pares,</span> <span class='ocrx_word' id='word_1_110' title='bbox 838 1702 1007 1781; x_wconf 90' lang='lat' dir='ltr'>Paulisper</span> <span class='ocrx_word' id='word_1_111' title='bbox 1040 1702 1157 1765; x_wconf 82' lang='lat' dir='ltr'>alter2</span> 
     </span>
     <span class='ocr_line' id='line_1_16' title="bbox 63 1803 1121 1882; baseline -0.005 -15"><span class='ocrx_word' id='word_1_112' title='bbox 63 1804 197 1867; x_wconf 89' lang='lat' dir='ltr'>alterius</span> <span class='ocrx_word' id='word_1_113' title='bbox 229 1810 416 1882; x_wconf 88' lang='lat' dir='ltr'>conspectu,</span> <span class='ocrx_word' id='word_1_114' title='bbox 448 1803 665 1865; x_wconf 89' lang='lat' dir='ltr'>admiratione</span> <span class='ocrx_word' id='word_1_115' title='bbox 696 1810 812 1866; x_wconf 91' lang='lat' dir='ltr'>mutua</span> <span class='ocrx_word' id='word_1_116' title='bbox 844 1823 944 1882; x_wconf 90' lang='lat' dir='ltr'>prope</span> <span class='ocrx_word' id='word_1_117' title='bbox 975 1803 1121 1878; x_wconf 84' lang='lat' dir='ltr'>attoniti,</span> 
     </span>
     <span class='ocr_line' id='line_1_17' title="bbox 63 1871 1157 2064; baseline -0.005 -98"><span class='ocrx_word' id='word_1_118' title='bbox 63 1871 388 2064; x_wconf 62' lang='lat' dir='ltr'>conticueressTum</span> <span class='ocrx_word' id='word_1_119' title='bbox 403 1902 570 1964; x_wconf 91' lang='lat' dir='ltr'>Hannibal</span> <span class='ocrx_word' id='word_1_120' title='bbox 585 1903 688 1981; x_wconf 90' lang='lat' dir='ltr'>prior:</span> <span class='ocrx_word' id='word_1_121' title='bbox 713 1903 756 1963; x_wconf 89' lang='lat' dir='ltr'>‘si</span> <span class='ocrx_word' id='word_1_122' title='bbox 770 1902 832 1965; x_wconf 89' lang='lat' dir='ltr'>hoo</span> <span class='ocrx_word' id='word_1_123' title='bbox 845 1903 893 1964; x_wconf 89' lang='lat' dir='ltr'>ita</span> <span class='ocrx_word' id='word_1_124' title='bbox 913 1903 983 1964; x_wconf 92' lang='lat' dir='ltr'>fato</span> <span class='ocrx_word' id='word_1_125' title='bbox 1004 1902 1121 1965; x_wconf 91' lang='lat' dir='ltr'>datum</span> <span class='ocrx_word' id='word_1_126' title='bbox 1141 1915 1157 1960; x_wconf 83' lang='lat'><strong>3</strong></span> 
     </span>
     <span class='ocr_line' id='line_1_18' title="bbox 61 2002 1121 2081; baseline -0.002 -14"><span class='ocrx_word' id='word_1_127' title='bbox 61 2010 144 2079; x_wconf 87' lang='lat' dir='ltr'>erat,</span> <span class='ocrx_word' id='word_1_128' title='bbox 163 2010 201 2065; x_wconf 91' lang='lat' dir='ltr'>ut</span> <span class='ocrx_word' id='word_1_129' title='bbox 220 2024 241 2081; x_wconf 96' lang='lat' dir='ltr'>q</span> <span class='ocrx_word' id='word_1_130' title='bbox 265 2004 275 2063; x_wconf 95' lang='lat' dir='ltr'>i</span> <span class='ocrx_word' id='word_1_131' title='bbox 294 2004 418 2081; x_wconf 90' lang='lat' dir='ltr'>primus</span> <span class='ocrx_word' id='word_1_132' title='bbox 435 2003 557 2065; x_wconf 91' lang='lat' dir='ltr'>bellum</span> <span class='ocrx_word' id='word_1_133' title='bbox 574 2002 670 2064; x_wconf 90' lang='lat' dir='ltr'>intuli</span> <span class='ocrx_word' id='word_1_134' title='bbox 689 2003 810 2081; x_wconf 94' lang='lat' dir='ltr'>populo</span> <span class='ocrx_word' id='word_1_135' title='bbox 829 2002 980 2065; x_wconf 88' lang='lat' dir='ltr'>Romano</span> <span class='ocrx_word' id='word_1_136' title='bbox 999 2002 1121 2081; x_wconf 89' lang='lat' dir='ltr'>quique</span> 
     </span>
     <span class='ocr_line' id='line_1_19' title="bbox 62 2102 1121 2182; baseline -0.003 -16"><span class='ocrx_word' id='word_1_137' title='bbox 62 2104 185 2166; x_wconf 90' lang='lat' dir='ltr'>totiens</span> <span class='ocrx_word' id='word_1_138' title='bbox 212 2123 313 2182; x_wconf 89' lang='lat' dir='ltr'>prope</span> <span class='ocrx_word' id='word_1_139' title='bbox 338 2104 371 2163; x_wconf 93' lang='lat' dir='ltr'>in</span> <span class='ocrx_word' id='word_1_140' title='bbox 398 2103 550 2164; x_wconf 89' lang='lat' dir='ltr'>manibus</span> <span class='ocrx_word' id='word_1_141' title='bbox 576 2103 748 2165; x_wconf 90' lang='lat' dir='ltr'>victoriam</span> <span class='ocrx_word' id='word_1_142' title='bbox 775 2102 886 2177; x_wconf 92' lang='lat' dir='ltr'>habui,</span> <span class='ocrx_word' id='word_1_143' title='bbox 912 2103 939 2164; x_wconf 94' lang='lat' dir='ltr'>is</span> <span class='ocrx_word' id='word_1_144' title='bbox 965 2102 1051 2165; x_wconf 91' lang='lat' dir='ltr'>ultro</span> <span class='ocrx_word' id='word_1_145' title='bbox 1078 2102 1121 2164; x_wconf 92' lang='lat' dir='ltr'>ad</span> 
     </span>
     <span class='ocr_line' id='line_1_20' title="bbox 62 2202 1121 2283; baseline -0.002 -18"><span class='ocrx_word' id='word_1_146' title='bbox 62 2223 178 2283; x_wconf 91' lang='lat' dir='ltr'>pacem</span> <span class='ocrx_word' id='word_1_147' title='bbox 207 2203 385 2281; x_wconf 89' lang='lat' dir='ltr'>petendam</span> <span class='ocrx_word' id='word_1_148' title='bbox 414 2203 569 2278; x_wconf 89' lang='lat' dir='ltr'>venirem,</span> <span class='ocrx_word' id='word_1_149' title='bbox 599 2202 704 2265; x_wconf 88' lang='lat' dir='ltr'>laetor</span> <span class='ocrx_word' id='word_1_150' title='bbox 732 2209 765 2265; x_wconf 90' lang='lat' dir='ltr'>te</span> <span class='ocrx_word' id='word_1_151' title='bbox 795 2202 873 2263; x_wconf 94' lang='lat' dir='ltr'>mihi</span> <span class='ocrx_word' id='word_1_152' title='bbox 903 2210 990 2266; x_wconf 86' lang='lat' dir='ltr'>sorte</span> <span class='ocrx_word' id='word_1_153' title='bbox 1019 2203 1121 2282; x_wconf 90' lang='lat' dir='ltr'>potis·</span> 
     </span>
     <span class='ocr_line' id='line_1_21' title="bbox 61 2302 1155 2382; baseline -0.003 -17"><span class='ocrx_word' id='word_1_154' title='bbox 61 2304 183 2365; x_wconf 87' lang='lat' dir='ltr'>simum</span> <span class='ocrx_word' id='word_1_155' title='bbox 201 2303 328 2377; x_wconf 91' lang='lat' dir='ltr'>datum,</span> <span class='ocrx_word' id='word_1_156' title='bbox 348 2324 367 2363; x_wconf 94' lang='lat' dir='ltr'>a</span> <span class='ocrx_word' id='word_1_157' title='bbox 386 2323 451 2381; x_wconf 94' lang='lat' dir='ltr'>quo</span> <span class='ocrx_word' id='word_1_158' title='bbox 471 2310 625 2381; x_wconf 87' lang='lat' dir='ltr'>peterem.</span> <span class='ocrx_word' id='word_1_159' title='bbox 669 2302 742 2363; x_wconf 83' lang='lat' dir='ltr'>Tibi</span> <span class='ocrx_word' id='word_1_160' title='bbox 761 2323 893 2382; x_wconf 90' lang='lat' dir='ltr'>quoque</span> <span class='ocrx_word' id='word_1_161' title='bbox 911 2303 997 2365; x_wconf 89' lang='lat' dir='ltr'>inter</span> <span class='ocrx_word' id='word_1_162' title='bbox 1015 2302 1120 2365; x_wconf 87' lang='lat' dir='ltr'>multa</span> <span class='ocrx_word' id='word_1_163' title='bbox 1140 2318 1155 2362; x_wconf 85' lang='lat'>4</span> 
     </span>
     <span class='ocr_line' id='line_1_22' title="bbox 61 2402 1118 2482; baseline -0.002 -17"><span class='ocrx_word' id='word_1_164' title='bbox 61 2403 189 2482; x_wconf 90' lang='lat' dir='ltr'>egregia</span> <span class='ocrx_word' id='word_1_165' title='bbox 213 2422 278 2464; x_wconf 90' lang='lat' dir='ltr'>non</span> <span class='ocrx_word' id='word_1_166' title='bbox 303 2402 335 2462; x_wconf 92' lang='lat' dir='ltr'>in</span> <span class='ocrx_word' id='word_1_167' title='bbox 359 2402 483 2464; x_wconf 87' lang='lat' dir='ltr'>ultimis</span> <span class='ocrx_word' id='word_1_168' title='bbox 507 2402 642 2465; x_wconf 89' lang='lat' dir='ltr'>laudum</span> <span class='ocrx_word' id='word_1_169' title='bbox 667 2402 728 2464; x_wconf 92' lang='lat' dir='ltr'>hoc</span> <span class='ocrx_word' id='word_1_170' title='bbox 751 2402 860 2478; x_wconf 85' lang='lat' dir='ltr'>fuerit,</span> <span class='ocrx_word' id='word_1_171' title='bbox 887 2402 1118 2477; x_wconf 89' lang='lat' dir='ltr'>Hannibalem,</span> 
     </span>
     <span class='ocr_line' id='line_1_23' title="bbox 62 2501 1120 2578; baseline -0.003 -13"><span class='ocrx_word' id='word_1_172' title='bbox 62 2503 114 2565; x_wconf 90' lang='lat' dir='ltr'>cui</span> <span class='ocrx_word' id='word_1_173' title='bbox 136 2509 188 2564; x_wconf 92' lang='lat' dir='ltr'>tot</span> <span class='ocrx_word' id='word_1_174' title='bbox 210 2502 250 2564; x_wconf 91' lang='lat' dir='ltr'>de</span> <span class='ocrx_word' id='word_1_175' title='bbox 271 2502 429 2563; x_wconf 85' lang='lat' dir='ltr'>Romanis</span> <span class='ocrx_word' id='word_1_176' title='bbox 451 2502 589 2564; x_wconf 92' lang='lat' dir='ltr'>ducibus</span> <span class='ocrx_word' id='word_1_177' title='bbox 610 2502 782 2564; x_wconf 87' lang='lat' dir='ltr'>victoriam</span> <span class='ocrx_word' id='word_1_178' title='bbox 804 2501 837 2563; x_wconf 95' lang='lat' dir='ltr'>di</span> <span class='ocrx_word' id='word_1_179' title='bbox 859 2501 1035 2578; x_wconf 87' lang='lat' dir='ltr'>dedissent,</span> <span class='ocrx_word' id='word_1_180' title='bbox 1059 2501 1120 2565; x_wconf 93' lang='lat' dir='ltr'>tibi</span> 
     </span>
     <span class='ocr_line' id='line_1_24' title="bbox 62 2601 1120 2681; baseline -0.001 -18"><span class='ocrx_word' id='word_1_181' title='bbox 62 2602 203 2676; x_wconf 88' lang='lat' dir='ltr'>cessisse,</span> <span class='ocrx_word' id='word_1_182' title='bbox 237 2609 334 2679; x_wconf 90' lang='lat' dir='ltr'>teque</span> <span class='ocrx_word' id='word_1_183' title='bbox 365 2601 440 2663; x_wconf 91' lang='lat' dir='ltr'>huic</span> <span class='ocrx_word' id='word_1_184' title='bbox 471 2602 566 2678; x_wconf 89' lang='lat' dir='ltr'>bello,</span> <span class='ocrx_word' id='word_1_185' title='bbox 599 2602 716 2663; x_wconf 88' lang='lat' dir='ltr'>vestris</span> <span class='ocrx_word' id='word_1_186' title='bbox 747 2602 836 2681; x_wconf 89' lang='lat' dir='ltr'>prius</span> <span class='ocrx_word' id='word_1_187' title='bbox 867 2621 968 2681; x_wconf 93' lang='lat' dir='ltr'>quam</span> <span class='ocrx_word' id='word_1_188' title='bbox 999 2601 1120 2664; x_wconf 87' lang='lat' dir='ltr'>nostris</span> 
     </span>
     <span class='ocr_line' id='line_1_25' title="bbox 62 2700 1154 2781; baseline -0.004 -17"><span class='ocrx_word' id='word_1_189' title='bbox 62 2702 209 2764; x_wconf 85' lang='lat' dir='ltr'>cladibus</span> <span class='ocrx_word' id='word_1_190' title='bbox 240 2701 366 2780; x_wconf 84' lang='lat' dir='ltr'>insigni,</span> <span class='ocrx_word' id='word_1_191' title='bbox 398 2703 496 2763; x_wconf 90' lang='lat' dir='ltr'>finem</span> <span class='ocrx_word' id='word_1_192' title='bbox 526 2702 727 2780; x_wconf 87' lang='lat' dir='ltr'>imposuisse.</span> <span class='ocrx_word' id='word_1_193' title='bbox 773 2703 844 2763; x_wconf 91' lang='lat' dir='ltr'>Hoc</span> <span class='ocrx_word' id='word_1_194' title='bbox 875 2720 1006 2781; x_wconf 91' lang='lat' dir='ltr'>quoque</span> <span class='ocrx_word' id='word_1_195' title='bbox 1036 2700 1154 2763; x_wconf 76' lang='lat' dir='ltr'>ludi-o</span> 
     </span>
     <span class='ocr_line' id='line_1_26' title="bbox 61 2801 1119 2880; baseline 0 -16"><span class='ocrx_word' id='word_1_196' title='bbox 61 2802 169 2864; x_wconf 90' lang='lat' dir='ltr'>brium</span> <span class='ocrx_word' id='word_1_197' title='bbox 192 2820 284 2862; x_wconf 85' lang='lat' dir='ltr'>casus</span> <span class='ocrx_word' id='word_1_198' title='bbox 304 2801 442 2863; x_wconf 90' lang='lat' dir='ltr'>ediderit</span> <span class='ocrx_word' id='word_1_199' title='bbox 462 2801 606 2877; x_wconf 89' lang='lat' dir='ltr'>fortuna,</span> <span class='ocrx_word' id='word_1_200' title='bbox 627 2808 676 2877; x_wconf 91' lang='lat' dir='ltr'>ut,</span> <span class='ocrx_word' id='word_1_201' title='bbox 699 2821 773 2864; x_wconf 90' lang='lat' dir='ltr'>cum</span> <span class='ocrx_word' id='word_1_202' title='bbox 793 2808 887 2880; x_wconf 87' lang='lat' dir='ltr'>patre</span> <span class='ocrx_word' id='word_1_203' title='bbox 908 2808 966 2863; x_wconf 90' lang='lat' dir='ltr'>tuo</span> <span class='ocrx_word' id='word_1_204' title='bbox 988 2801 1119 2864; x_wconf 92' lang='lat' dir='ltr'>consule</span> 
     </span>
     <span class='ocr_line' id='line_1_27' title="bbox 62 2900 1119 2979; baseline 0 -16"><span class='ocrx_word' id='word_1_205' title='bbox 62 2900 202 2979; x_wconf 90' lang='lat' dir='ltr'>ceperim</span> <span class='ocrx_word' id='word_1_206' title='bbox 225 2920 326 2976; x_wconf 90' lang='lat' dir='ltr'>arma,</span> <span class='ocrx_word' id='word_1_207' title='bbox 351 2921 425 2963; x_wconf 91' lang='lat' dir='ltr'>cum</span> <span class='ocrx_word' id='word_1_208' title='bbox 446 2900 561 2962; x_wconf 89' lang='lat' dir='ltr'>eodem</span> <span class='ocrx_word' id='word_1_209' title='bbox 583 2901 726 2979; x_wconf 88' lang='lat' dir='ltr'>primum</span> <span class='ocrx_word' id='word_1_210' title='bbox 748 2901 899 2963; x_wconf 89' lang='lat' dir='ltr'>Romano</span> <span class='ocrx_word' id='word_1_211' title='bbox 922 2902 1119 2979; x_wconf 89' lang='lat' dir='ltr'>imperatore</span> 
     </span>
     <span class='ocr_line' id='line_1_28' title="bbox 61 2999 1118 3081; baseline 0.001 -20"><span class='ocrx_word' id='word_1_212' title='bbox 61 3002 154 3078; x_wconf 92' lang='lat' dir='ltr'>signa</span> <span class='ocrx_word' id='word_1_213' title='bbox 174 2999 376 3076; x_wconf 90' lang='lat' dir='ltr'>contulerim,</span> <span class='ocrx_word' id='word_1_214' title='bbox 395 3000 438 3062; x_wconf 90' lang='lat' dir='ltr'>ad</span> <span class='ocrx_word' id='word_1_215' title='bbox 456 3000 559 3062; x_wconf 89' lang='lat' dir='ltr'>filium</span> <span class='ocrx_word' id='word_1_216' title='bbox 576 3001 645 3063; x_wconf 89' lang='lat' dir='ltr'>eius</span> <span class='ocrx_word' id='word_1_217' title='bbox 663 3001 794 3063; x_wconf 90' lang='lat' dir='ltr'>inermis</span> <span class='ocrx_word' id='word_1_218' title='bbox 812 3001 854 3063; x_wconf 93' lang='lat' dir='ltr'>ad</span> <span class='ocrx_word' id='word_1_219' title='bbox 872 3020 986 3080; x_wconf 90' lang='lat' dir='ltr'>pacem</span> <span class='ocrx_word' id='word_1_220' title='bbox 1005 3007 1118 3081; x_wconf 89' lang='lat' dir='ltr'>peten-</span> 
     </span>
     <span class='ocr_line' id='line_1_29' title="bbox 62 3099 1153 3180; baseline -0.003 -17"><span class='ocrx_word' id='word_1_221' title='bbox 62 3100 140 3163; x_wconf 89' lang='lat' dir='ltr'>dam</span> <span class='ocrx_word' id='word_1_222' title='bbox 172 3100 312 3161; x_wconf 90' lang='lat' dir='ltr'>veniam.</span> <span class='ocrx_word' id='word_1_223' title='bbox 358 3100 529 3179; x_wconf 90' lang='lat' dir='ltr'>Optimum</span> <span class='ocrx_word' id='word_1_224' title='bbox 561 3099 694 3180; x_wconf 93' lang='lat' dir='ltr'>quidem</span> <span class='ocrx_word' id='word_1_225' title='bbox 725 3101 832 3163; x_wconf 90' lang='lat' dir='ltr'>fuerat</span> <span class='ocrx_word' id='word_1_226' title='bbox 864 3120 936 3163; x_wconf 87' lang='lat' dir='ltr'>eam</span> <span class='ocrx_word' id='word_1_227' title='bbox 968 3101 1153 3179; x_wconf 83' lang='lat' dir='ltr'>patribuso</span> 
     </span>
     <span class='ocr_line' id='line_1_30' title="bbox 61 3199 1118 3277; baseline 0.003 -16"><span class='ocrx_word' id='word_1_228' title='bbox 61 3200 183 3261; x_wconf 90' lang='lat' dir='ltr'>nostris</span> <span class='ocrx_word' id='word_1_229' title='bbox 198 3206 341 3261; x_wconf 91' lang='lat' dir='ltr'>mentem</span> <span class='ocrx_word' id='word_1_230' title='bbox 357 3199 471 3261; x_wconf 90' lang='lat' dir='ltr'>datam</span> <span class='ocrx_word' id='word_1_231' title='bbox 486 3201 529 3262; x_wconf 91' lang='lat' dir='ltr'>ab</span> <span class='ocrx_word' id='word_1_232' title='bbox 544 3201 594 3263; x_wconf 86' lang='lat' dir='ltr'>dis</span> <span class='ocrx_word' id='word_1_233' title='bbox 608 3220 687 3277; x_wconf 89' lang='lat' dir='ltr'>esse,</span> <span class='ocrx_word' id='word_1_234' title='bbox 703 3208 741 3263; x_wconf 97' lang='lat' dir='ltr'>ut</span> <span class='ocrx_word' id='word_1_235' title='bbox 756 3207 789 3263; x_wconf 88' lang='lat' dir='ltr'>et</span> <span class='ocrx_word' id='word_1_236' title='bbox 805 3221 863 3262; x_wconf 89' lang='lat' dir='ltr'>vos</span> <span class='ocrx_word' id='word_1_237' title='bbox 879 3200 995 3263; x_wconf 93' lang='lat' dir='ltr'>Italiae</span> <span class='ocrx_word' id='word_1_238' title='bbox 1010 3207 1043 3263; x_wconf 95' lang='lat' dir='ltr'>et</span> <span class='ocrx_word' id='word_1_239' title='bbox 1059 3221 1118 3264; x_wconf 90' lang='lat' dir='ltr'>nos</span> 
     </span>
     <span class='ocr_line' id='line_1_31' title="bbox 61 3299 1152 3380; baseline -0.002 -19"><span class='ocrx_word' id='word_1_240' title='bbox 61 3300 192 3362; x_wconf 82' lang='lat' dir='ltr'>Africae</span> <span class='ocrx_word' id='word_1_241' title='bbox 213 3301 347 3378; x_wconf 89' lang='lat' dir='ltr'>imperio</span> <span class='ocrx_word' id='word_1_242' title='bbox 370 3301 515 3362; x_wconf 90' lang='lat' dir='ltr'>contenti</span> <span class='ocrx_word' id='word_1_243' title='bbox 536 3320 679 3363; x_wconf 88' lang='lat' dir='ltr'>essemus</span> <span class='ocrx_word' id='word_1_244' title='bbox 686 3321 695 3378; x_wconf 87' lang='lat'>;</span> <span class='ocrx_word' id='word_1_245' title='bbox 728 3321 833 3380; x_wconf 90' lang='lat' dir='ltr'>neque</span> <span class='ocrx_word' id='word_1_246' title='bbox 854 3302 941 3362; x_wconf 92' lang='lat' dir='ltr'>enim</span> <span class='ocrx_word' id='word_1_247' title='bbox 962 3320 1003 3362; x_wconf 92' lang='lat' dir='ltr'>ne</span> <span class='ocrx_word' id='word_1_248' title='bbox 1024 3299 1152 3363; x_wconf 71' lang='lat' dir='ltr'>vobisc</span> 
     </span>
     <span class='ocr_line' id='line_1_32' title="bbox 62 3399 1118 3480; baseline 0.002 -19"><span class='ocrx_word' id='word_1_249' title='bbox 62 3399 196 3479; x_wconf 92' lang='lat' dir='ltr'>quidem</span> <span class='ocrx_word' id='word_1_250' title='bbox 222 3399 328 3462; x_wconf 85' lang='lat' dir='ltr'>Sicilia</span> <span class='ocrx_word' id='word_1_251' title='bbox 355 3420 392 3461; x_wconf 93' lang='lat' dir='ltr'>ac</span> <span class='ocrx_word' id='word_1_252' title='bbox 419 3400 568 3463; x_wconf 87' lang='lat' dir='ltr'>Sardinia</span> <span class='ocrx_word' id='word_1_253' title='bbox 594 3401 674 3462; x_wconf 90' lang='lat' dir='ltr'>satis</span> <span class='ocrx_word' id='word_1_254' title='bbox 700 3401 798 3478; x_wconf 90' lang='lat' dir='ltr'>digna</span> <span class='ocrx_word' id='word_1_255' title='bbox 824 3401 929 3479; x_wconf 90' lang='lat' dir='ltr'>pretia</span> <span class='ocrx_word' id='word_1_256' title='bbox 955 3407 1033 3464; x_wconf 90' lang='lat' dir='ltr'>sunt</span> <span class='ocrx_word' id='word_1_257' title='bbox 1058 3420 1118 3480; x_wconf 92' lang='lat' dir='ltr'>pro</span> 
     </span>
     <span class='ocr_line' id='line_1_33' title="bbox 62 3499 1118 3579; baseline 0.001 -17"><span class='ocrx_word' id='word_1_258' title='bbox 62 3506 115 3563; x_wconf 88' lang='lat' dir='ltr'>tot</span> <span class='ocrx_word' id='word_1_259' title='bbox 144 3499 308 3574; x_wconf 70' lang='lat' dir='ltr'>classibus</span> <span class='ocrx_word' id='word_1_260' title='bbox 338 3506 389 3562; x_wconf 92' lang='lat' dir='ltr'>tot</span> <span class='ocrx_word' id='word_1_261' title='bbox 417 3501 622 3575; x_wconf 70' lang='lat' dir='ltr'>exercitibus</span> <span class='ocrx_word' id='word_1_262' title='bbox 652 3507 703 3563; x_wconf 92' lang='lat' dir='ltr'>tot</span> <span class='ocrx_word' id='word_1_263' title='bbox 732 3506 802 3563; x_wconf 90' lang='lat' dir='ltr'>tam</span> <span class='ocrx_word' id='word_1_264' title='bbox 829 3500 963 3579; x_wconf 88' lang='lat' dir='ltr'>egregiis</span> <span class='ocrx_word' id='word_1_265' title='bbox 991 3499 1118 3563; x_wconf 87' lang='lat' dir='ltr'>amissis</span> 
     </span>
    </p>
   </div>
   <div class='ocr_carea' id='block_1_3' title="bbox 0 0 1252 3908">
    <p class='ocr_par' dir='ltr' id='par_1_4' title="bbox 0 0 1252 3908">
     <span class='ocr_line' id='line_1_34' title="bbox 0 0 1252 3908; baseline 0 0"><span class='ocrx_word' id='word_1_266' title='bbox 0 0 1252 3908; x_wconf 95' lang='lat' dir='ltr'> </span> 
     </span>
    </p>
   </div>
  </div>
 </body>
</html>
