<?xml version="1.0" encoding="UTF-8"?>
<!DOCTYPE html PUBLIC "-//W3C//DTD XHTML 1.0 Transitional//EN"
    "http://www.w3.org/TR/xhtml1/DTD/xhtml1-transitional.dtd">
<html xmlns="http://www.w3.org/1999/xhtml" xml:lang="en" lang="en">
 <head>
  <title>
</title>
<meta http-equiv="Content-Type" content="text/html;charset=utf-8" />
  <meta name='ocr-system' content='tesseract 3.04.00' />
  <meta name='ocr-capabilities' content='ocr_page ocr_carea ocr_par ocr_line ocrx_word'/>
</head>
<body>
  <div class='ocr_page' id='page_1' title='image "./livysecondpunic00livygoog_0168.png"; bbox 0 0 2496 3908; ppageno 0'>
   <div class='ocr_carea' id='block_1_1' title="bbox 64 254 1119 339">
    <p class='ocr_par' dir='ltr' id='par_1_1' title="bbox 64 254 1119 339">
     <span class='ocr_line' id='line_1_1' title="bbox 64 254 1119 339; baseline -0.003 -16"><span class='ocrx_word' id='word_1_1' title='bbox 64 271 342 339; x_wconf 64' lang='lat' dir='ltr'>cumessam]</span> <span class='ocrx_word' id='word_1_2' title='bbox 547 271 636 322; x_wconf 67' lang='lat' dir='ltr'>mvi</span> <span class='ocrx_word' id='word_1_3' title='bbox 1056 254 1119 320; x_wconf 87' lang='lat'>141</span> 
     </span>
    </p>
   </div>
   <div class='ocr_carea' id='block_1_2' title="bbox 63 444 1160 1623">
    <p class='ocr_par' dir='ltr' id='par_1_2' title="bbox 63 444 1160 1623">
     <span class='ocr_line' id='line_1_2' title="bbox 64 444 1156 527; baseline -0.005 -16"><span class='ocrx_word' id='word_1_4' title='bbox 64 447 270 526; x_wconf 73' lang='lat' dir='ltr'>Carthaginis</span> <span class='ocrx_word' id='word_1_5' title='bbox 292 448 387 527; x_wconf 85' lang='lat' dir='ltr'>petit.</span> <span class='ocrx_word' id='word_1_6' title='bbox 432 447 532 509; x_wconf 84' lang='lat' dir='ltr'>Haud</span> <span class='ocrx_word' id='word_1_7' title='bbox 554 447 667 527; x_wconf 89' lang='lat' dir='ltr'>procul</span> <span class='ocrx_word' id='word_1_8' title='bbox 691 445 816 522; x_wconf 90' lang='lat' dir='ltr'>aberat,</span> <span class='ocrx_word' id='word_1_9' title='bbox 841 465 916 508; x_wconf 92' lang='lat' dir='ltr'>cum</span> <span class='ocrx_word' id='word_1_10' title='bbox 939 444 1049 508; x_wconf 86' lang='lat' dir='ltr'>velata</span> <span class='ocrx_word' id='word_1_11' title='bbox 1073 445 1120 506; x_wconf 93' lang='lat' dir='ltr'>in·</span> <span class='ocrx_word' id='word_1_12' title='bbox 1140 449 1156 494; x_wconf 87' lang='lat'>4</span> 
     </span>
     <span class='ocr_line' id='line_1_3' title="bbox 64 544 1119 627; baseline -0.003 -17"><span class='ocrx_word' id='word_1_13' title='bbox 64 547 141 610; x_wconf 80' lang='lat' dir='ltr'>iulis</span> <span class='ocrx_word' id='word_1_14' title='bbox 178 547 341 627; x_wconf 86' lang='lat' dir='ltr'>ramisque</span> <span class='ocrx_word' id='word_1_15' title='bbox 370 547 459 609; x_wconf 92' lang='lat' dir='ltr'>oleae</span> <span class='ocrx_word' id='word_1_16' title='bbox 481 545 800 624; x_wconf 76' lang='lat' dir='ltr'>Carthaginiensium</span> <span class='ocrx_word' id='word_1_17' title='bbox 837 544 978 621; x_wconf 82' lang='lat' dir='ltr'>occurrit</span> <span class='ocrx_word' id='word_1_18' title='bbox 1016 545 1119 607; x_wconf 89' lang='lat' dir='ltr'>navis.</span> 
     </span>
     <span class='ocr_line' id='line_1_4' title="bbox 66 645 1122 725; baseline -0.001 -16"><span class='ocrx_word' id='word_1_19' title='bbox 66 648 187 710; x_wconf 87' lang='lat' dir='ltr'>Decem</span> <span class='ocrx_word' id='word_1_20' title='bbox 202 647 300 725; x_wconf 91' lang='lat' dir='ltr'>legati</span> <span class='ocrx_word' id='word_1_21' title='bbox 316 653 419 722; x_wconf 90' lang='lat' dir='ltr'>erant,</span> <span class='ocrx_word' id='word_1_22' title='bbox 436 646 598 725; x_wconf 86' lang='lat' dir='ltr'>principes</span> <span class='ocrx_word' id='word_1_23' title='bbox 614 645 768 720; x_wconf 73' lang='lat' dir='ltr'>civitatis</span> <span class='ocrx_word' id='word_1_24' title='bbox 785 650 919 706; x_wconf 89' lang='lat' dir='ltr'>auctore</span> <span class='ocrx_word' id='word_1_25' title='bbox 936 645 1122 708; x_wconf 87' lang='lat' dir='ltr'>Hannibale</span> 
     </span>
     <span class='ocr_line' id='line_1_5' title="bbox 64 743 1157 825; baseline -0.005 -17"><span class='ocrx_word' id='word_1_26' title='bbox 64 746 154 808; x_wconf 89' lang='lat' dir='ltr'>missi</span> <span class='ocrx_word' id='word_1_27' title='bbox 178 746 221 808; x_wconf 94' lang='lat' dir='ltr'>ad</span> <span class='ocrx_word' id='word_1_28' title='bbox 245 746 422 825; x_wconf 93' lang='lat' dir='ltr'>petendam</span> <span class='ocrx_word' id='word_1_29' title='bbox 445 766 570 824; x_wconf 90' lang='lat' dir='ltr'>pacem.</span> <span class='ocrx_word' id='word_1_30' title='bbox 615 745 678 821; x_wconf 79' lang='lat' dir='ltr'>Qui</span> <span class='ocrx_word' id='word_1_31' title='bbox 704 757 785 806; x_wconf 75' lang='lat' dir='ltr'>cum·</span> <span class='ocrx_word' id='word_1_32' title='bbox 801 743 844 806; x_wconf 92' lang='lat' dir='ltr'>ad</span> <span class='ocrx_word' id='word_1_33' title='bbox 869 745 1007 823; x_wconf 92' lang='lat' dir='ltr'>puppim</span> <span class='ocrx_word' id='word_1_34' title='bbox 1030 756 1157 824; x_wconf 76' lang='lat' dir='ltr'>prae-o</span> 
     </span>
     <span class='ocr_line' id='line_1_6' title="bbox 65 843 1123 924; baseline -0.003 -15"><span class='ocrx_word' id='word_1_35' title='bbox 65 846 169 909; x_wconf 90' lang='lat' dir='ltr'>toriae</span> <span class='ocrx_word' id='word_1_36' title='bbox 204 845 298 907; x_wconf 89' lang='lat' dir='ltr'>navis</span> <span class='ocrx_word' id='word_1_37' title='bbox 333 845 542 908; x_wconf 81' lang='lat' dir='ltr'>accessissent</span> <span class='ocrx_word' id='word_1_38' title='bbox 578 844 765 907; x_wconf 84' lang='lat' dir='ltr'>velamenta</span> <span class='ocrx_word' id='word_1_39' title='bbox 801 843 987 923; x_wconf 89' lang='lat' dir='ltr'>supplicum</span> <span class='ocrx_word' id='word_1_40' title='bbox 1023 846 1123 924; x_wconf 90' lang='lat' dir='ltr'>porri-</span> 
     </span>
     <span class='ocr_line' id='line_1_7' title="bbox 65 943 1124 1024; baseline 0 -17"><span class='ocrx_word' id='word_1_41' title='bbox 65 951 187 1024; x_wconf 72' lang='lat' dir='ltr'>gentes</span> <span class='ocrx_word' id='word_1_42' title='bbox 217 951 346 1006; x_wconf 91' lang='lat' dir='ltr'>orantes</span> <span class='ocrx_word' id='word_1_43' title='bbox 374 945 651 1024; x_wconf 87' lang='lat' dir='ltr'>implorantesque</span> <span class='ocrx_word' id='word_1_44' title='bbox 677 943 776 1005; x_wconf 90' lang='lat' dir='ltr'>fidem</span> <span class='ocrx_word' id='word_1_45' title='bbox 804 963 842 1006; x_wconf 89' lang='lat' dir='ltr'>ac</span> <span class='ocrx_word' id='word_1_46' title='bbox 870 945 1124 1007; x_wconf 90' lang='lat' dir='ltr'>misericordiam</span> 
     </span>
     <span class='ocr_line' id='line_1_8' title="bbox 65 1042 1160 1127; baseline -0.005 -20"><span class='ocrx_word' id='word_1_47' title='bbox 65 1044 235 1122; x_wconf 82' lang='lat' dir='ltr'>Scipionis,</span> <span class='ocrx_word' id='word_1_48' title='bbox 258 1043 384 1106; x_wconf 92' lang='lat' dir='ltr'>nullum</span> <span class='ocrx_word' id='word_1_49' title='bbox 412 1044 450 1127; x_wconf 85' lang='lat' dir='ltr'>iis</span> <span class='ocrx_word' id='word_1_50' title='bbox 477 1042 567 1106; x_wconf 90' lang='lat' dir='ltr'>aliud</span> <span class='ocrx_word' id='word_1_51' title='bbox 589 1062 782 1121; x_wconf 88' lang='lat' dir='ltr'>responsum</span> <span class='ocrx_word' id='word_1_52' title='bbox 810 1045 936 1120; x_wconf 88' lang='lat' dir='ltr'>datum,</span> <span class='ocrx_word' id='word_1_53' title='bbox 960 1064 1060 1124; x_wconf 94' lang='lat' dir='ltr'>quam</span> <span class='ocrx_word' id='word_1_54' title='bbox 1086 1050 1160 1107; x_wconf 79' lang='lat' dir='ltr'>uto</span> 
     </span>
     <span class='ocr_line' id='line_1_9' title="bbox 64 1143 1125 1224; baseline 0.002 -20"><span class='ocrx_word' id='word_1_55' title='bbox 64 1143 226 1221; x_wconf 85' lang='lat' dir='ltr'>Tynetem</span> <span class='ocrx_word' id='word_1_56' title='bbox 260 1143 409 1206; x_wconf 89' lang='lat' dir='ltr'>venirent</span> <span class='ocrx_word' id='word_1_57' title='bbox 416 1163 424 1219; x_wconf 90' lang='lat'>;</span> <span class='ocrx_word' id='word_1_58' title='bbox 469 1163 508 1206; x_wconf 90' lang='lat' dir='ltr'>eo</span> <span class='ocrx_word' id='word_1_59' title='bbox 540 1162 574 1205; x_wconf 89' lang='lat' dir='ltr'>se</span> <span class='ocrx_word' id='word_1_60' title='bbox 608 1149 777 1205; x_wconf 90' lang='lat' dir='ltr'>moturum</span> <span class='ocrx_word' id='word_1_61' title='bbox 812 1150 929 1207; x_wconf 88' lang='lat' dir='ltr'>castra.</span> <span class='ocrx_word' id='word_1_62' title='bbox 975 1145 1050 1224; x_wconf 90' lang='lat' dir='ltr'>Ipse</span> <span class='ocrx_word' id='word_1_63' title='bbox 1082 1144 1125 1206; x_wconf 91' lang='lat' dir='ltr'>ad</span> 
     </span>
     <span class='ocr_line' id='line_1_10' title="bbox 65 1242 1125 1322; baseline -0.001 -17"><span class='ocrx_word' id='word_1_64' title='bbox 65 1243 357 1322; x_wconf 90' lang='lat' dir='ltr'>contemplandum</span> <span class='ocrx_word' id='word_1_65' title='bbox 378 1242 584 1321; x_wconf 83' lang='lat' dir='ltr'>Carthaginis</span> <span class='ocrx_word' id='word_1_66' title='bbox 606 1242 708 1305; x_wconf 91' lang='lat' dir='ltr'>situm</span> <span class='ocrx_word' id='word_1_67' title='bbox 732 1263 798 1304; x_wconf 93' lang='lat' dir='ltr'>non</span> <span class='ocrx_word' id='word_1_68' title='bbox 822 1249 893 1306; x_wconf 92' lang='lat' dir='ltr'>tam</span> <span class='ocrx_word' id='word_1_69' title='bbox 915 1243 1069 1307; x_wconf 89' lang='lat' dir='ltr'>noscendi</span> <span class='ocrx_word' id='word_1_70' title='bbox 1092 1243 1125 1304; x_wconf 93' lang='lat' dir='ltr'>in</span> 
     </span>
     <span class='ocr_line' id='line_1_11' title="bbox 64 1343 1123 1424; baseline 0 -20"><span class='ocrx_word' id='word_1_71' title='bbox 64 1343 249 1423; x_wconf 89' lang='lat' dir='ltr'>praesentia</span> <span class='ocrx_word' id='word_1_72' title='bbox 267 1363 368 1422; x_wconf 92' lang='lat' dir='ltr'>quam</span> <span class='ocrx_word' id='word_1_73' title='bbox 386 1344 528 1406; x_wconf 90' lang='lat' dir='ltr'>terrendi</span> <span class='ocrx_word' id='word_1_74' title='bbox 547 1344 650 1406; x_wconf 88' lang='lat' dir='ltr'>hostis</span> <span class='ocrx_word' id='word_1_75' title='bbox 669 1363 767 1406; x_wconf 86' lang='lat' dir='ltr'>causa</span> <span class='ocrx_word' id='word_1_76' title='bbox 786 1349 962 1424; x_wconf 88' lang='lat' dir='ltr'>provectus</span> <span class='ocrx_word' id='word_1_77' title='bbox 981 1343 1123 1419; x_wconf 85' lang='lat' dir='ltr'>Uticam,</span> 
     </span>
     <span class='ocr_line' id='line_1_12' title="bbox 63 1442 1159 1523; baseline 0.002 -18"><span class='ocrx_word' id='word_1_78' title='bbox 63 1443 180 1505; x_wconf 89' lang='lat' dir='ltr'>eodem</span> <span class='ocrx_word' id='word_1_79' title='bbox 203 1449 237 1505; x_wconf 92' lang='lat' dir='ltr'>et</span> <span class='ocrx_word' id='word_1_80' title='bbox 261 1444 400 1506; x_wconf 89' lang='lat' dir='ltr'>Octavio</span> <span class='ocrx_word' id='word_1_81' title='bbox 424 1449 589 1520; x_wconf 88' lang='lat' dir='ltr'>revocato,</span> <span class='ocrx_word' id='word_1_82' title='bbox 614 1443 720 1506; x_wconf 89' lang='lat' dir='ltr'>rediit.</span> <span class='ocrx_word' id='word_1_83' title='bbox 753 1443 848 1506; x_wconf 73' lang='lat' dir='ltr'>‘Inde</span> <span class='ocrx_word' id='word_1_84' title='bbox 872 1442 1125 1523; x_wconf 87' lang='lat' dir='ltr'>procedentibus</span> <span class='ocrx_word' id='word_1_85' title='bbox 1145 1446 1159 1494; x_wconf 81' lang='lat'>⁷</span> 
     </span>
     <span class='ocr_line' id='line_1_13' title="bbox 63 1542 1125 1623; baseline -0.002 -18"><span class='ocrx_word' id='word_1_86' title='bbox 63 1542 108 1605; x_wconf 89' lang='lat' dir='ltr'>ad</span> <span class='ocrx_word' id='word_1_87' title='bbox 127 1542 289 1621; x_wconf 90' lang='lat' dir='ltr'>Tynetem</span> <span class='ocrx_word' id='word_1_88' title='bbox 315 1543 451 1606; x_wconf 87' lang='lat' dir='ltr'>nuntius</span> <span class='ocrx_word' id='word_1_89' title='bbox 473 1542 604 1605; x_wconf 87' lang='lat' dir='ltr'>adlatus</span> <span class='ocrx_word' id='word_1_90' title='bbox 624 1543 813 1606; x_wconf 90' lang='lat' dir='ltr'>Verminam</span> <span class='ocrx_word' id='word_1_91' title='bbox 838 1543 997 1623; x_wconf 82' lang='lat' dir='ltr'>Syphacis</span> <span class='ocrx_word' id='word_1_92' title='bbox 1022 1542 1125 1604; x_wconf 89' lang='lat' dir='ltr'>filium</span> 
     </span>
    </p>
   </div>
   <div class='ocr_carea' id='block_1_3' title="bbox 63 1641 1160 1818">
    <p class='ocr_par' dir='ltr' id='par_1_3' title="bbox 63 1641 1160 1818">
     <span class='ocr_line' id='line_1_14' title="bbox 64 1641 1125 1723; baseline 0.001 -20"><span class='ocrx_word' id='word_1_93' title='bbox 64 1661 140 1703; x_wconf 90' lang='lat' dir='ltr'>cum</span> <span class='ocrx_word' id='word_1_94' title='bbox 165 1642 331 1721; x_wconf 90' lang='lat' dir='ltr'>equitibus</span> <span class='ocrx_word' id='word_1_95' title='bbox 358 1641 506 1720; x_wconf 89' lang='lat' dir='ltr'>pluribus</span> <span class='ocrx_word' id='word_1_96' title='bbox 533 1662 634 1722; x_wconf 92' lang='lat' dir='ltr'>quam</span> <span class='ocrx_word' id='word_1_97' title='bbox 659 1642 826 1723; x_wconf 87' lang='lat' dir='ltr'>peditibus</span> <span class='ocrx_word' id='word_1_98' title='bbox 852 1643 962 1705; x_wconf 86' lang='lat' dir='ltr'>venire</span> <span class='ocrx_word' id='word_1_99' title='bbox 989 1642 1125 1704; x_wconf 88' lang='lat' dir='ltr'>Cartha·</span> 
     </span>
     <span class='ocr_line' id='line_1_15' title="bbox 63 1736 1160 1818; baseline 0.001 -20"><span class='ocrx_word' id='word_1_100' title='bbox 63 1737 263 1816; x_wconf 87' lang='lat' dir='ltr'>giniensibus</span> <span class='ocrx_word' id='word_1_101' title='bbox 288 1736 420 1799; x_wconf 85' lang='lat' dir='ltr'>auxilio.</span> <span class='ocrx_word' id='word_1_102' title='bbox 465 1738 545 1800; x_wconf 88' lang='lat' dir='ltr'>Pars</span> <span class='ocrx_word' id='word_1_103' title='bbox 570 1738 732 1801; x_wconf 87' lang='lat' dir='ltr'>exercitus</span> <span class='ocrx_word' id='word_1_104' title='bbox 759 1757 833 1799; x_wconf 94' lang='lat' dir='ltr'>cum</span> <span class='ocrx_word' id='word_1_105' title='bbox 858 1738 947 1800; x_wconf 92' lang='lat' dir='ltr'>omni</span> <span class='ocrx_word' id='word_1_106' title='bbox 973 1738 1160 1818; x_wconf 70' lang='lat' dir='ltr'>equitatus</span> 
     </span>
    </p>
   </div>
   <div class='ocr_carea' id='block_1_4' title="bbox 59 1835 1186 3610">
    <p class='ocr_par' dir='ltr' id='par_1_4' title="bbox 60 1835 1177 3210">
     <span class='ocr_line' id='line_1_16' title="bbox 63 1835 1125 1916; baseline -0.001 -17"><span class='ocrx_word' id='word_1_107' title='bbox 63 1836 293 1900; x_wconf 85' lang='lat' dir='ltr'>Saturnalibus</span> <span class='ocrx_word' id='word_1_108' title='bbox 327 1837 440 1916; x_wconf 87' lang='lat' dir='ltr'>primis</span> <span class='ocrx_word' id='word_1_109' title='bbox 476 1857 593 1916; x_wconf 89' lang='lat' dir='ltr'>agmen</span> <span class='ocrx_word' id='word_1_110' title='bbox 629 1837 781 1916; x_wconf 88' lang='lat' dir='ltr'>adgressa</span> <span class='ocrx_word' id='word_1_111' title='bbox 813 1837 1032 1899; x_wconf 89' lang='lat' dir='ltr'>Numidarum</span> <span class='ocrx_word' id='word_1_112' title='bbox 1061 1835 1125 1900; x_wconf 85' lang='lat' dir='ltr'>levi</span> 
     </span>
     <span class='ocr_line' id='line_1_17' title="bbox 64 1936 1124 2020; baseline 0 -22"><span class='ocrx_word' id='word_1_113' title='bbox 64 1936 242 2020; x_wconf 87' lang='lat' dir='ltr'>certamine</span> <span class='ocrx_word' id='word_1_114' title='bbox 258 1936 357 1998; x_wconf 88' lang='lat' dir='ltr'>fudit.</span> <span class='ocrx_word' id='word_1_115' title='bbox 402 1936 504 1998; x_wconf 86' lang='lat' dir='ltr'>Exitu</span> <span class='ocrx_word' id='word_1_116' title='bbox 522 1956 653 2017; x_wconf 93' lang='lat' dir='ltr'>quoque</span> <span class='ocrx_word' id='word_1_117' title='bbox 669 1937 767 2016; x_wconf 89' lang='lat' dir='ltr'>fugae</span> <span class='ocrx_word' id='word_1_118' title='bbox 784 1936 958 1999; x_wconf 89' lang='lat' dir='ltr'>intercluso</span> <span class='ocrx_word' id='word_1_119' title='bbox 976 1936 1018 1999; x_wconf 94' lang='lat' dir='ltr'>ab</span> <span class='ocrx_word' id='word_1_120' title='bbox 1036 1936 1124 1999; x_wconf 89' lang='lat' dir='ltr'>omni</span> 
     </span>
     <span class='ocr_line' id='line_1_18' title="bbox 63 2035 1125 2115; baseline 0 -18"><span class='ocrx_word' id='word_1_121' title='bbox 63 2041 158 2115; x_wconf 88' lang='lat' dir='ltr'>parte</span> <span class='ocrx_word' id='word_1_122' title='bbox 188 2035 397 2098; x_wconf 87' lang='lat' dir='ltr'>circumdatis</span> <span class='ocrx_word' id='word_1_123' title='bbox 425 2035 592 2115; x_wconf 88' lang='lat' dir='ltr'>equitibus</span> <span class='ocrx_word' id='word_1_124' title='bbox 621 2035 808 2115; x_wconf 90' lang='lat' dir='ltr'>quindecim</span> <span class='ocrx_word' id='word_1_125' title='bbox 836 2035 926 2097; x_wconf 92' lang='lat' dir='ltr'>milia</span> <span class='ocrx_word' id='word_1_126' title='bbox 954 2035 1125 2098; x_wconf 92' lang='lat' dir='ltr'>hominum</span> 
     </span>
     <span class='ocr_line' id='line_1_19' title="bbox 64 2134 1125 2215; baseline 0 -18"><span class='ocrx_word' id='word_1_127' title='bbox 64 2154 167 2211; x_wconf 89' lang='lat' dir='ltr'>caesa,</span> <span class='ocrx_word' id='word_1_128' title='bbox 188 2134 276 2198; x_wconf 87' lang='lat' dir='ltr'>mille</span> <span class='ocrx_word' id='word_1_129' title='bbox 295 2141 329 2198; x_wconf 88' lang='lat' dir='ltr'>et</span> <span class='ocrx_word' id='word_1_130' title='bbox 349 2135 482 2197; x_wconf 89' lang='lat' dir='ltr'>ducenti</span> <span class='ocrx_word' id='word_1_131' title='bbox 497 2135 565 2196; x_wconf 88' lang='lat' dir='ltr'>vivi</span> <span class='ocrx_word' id='word_1_132' title='bbox 583 2135 681 2215; x_wconf 87' lang='lat' dir='ltr'>capti,</span> <span class='ocrx_word' id='word_1_133' title='bbox 702 2141 736 2198; x_wconf 91' lang='lat' dir='ltr'>et</span> <span class='ocrx_word' id='word_1_134' title='bbox 756 2135 832 2215; x_wconf 89' lang='lat' dir='ltr'>equi</span> <span class='ocrx_word' id='word_1_135' title='bbox 852 2135 1017 2197; x_wconf 91' lang='lat' dir='ltr'>Numidici</span> <span class='ocrx_word' id='word_1_136' title='bbox 1037 2135 1125 2197; x_wconf 89' lang='lat' dir='ltr'>mille</span> 
     </span>
     <span class='ocr_line' id='line_1_20' title="bbox 61 2234 1124 2314; baseline 0 -17"><span class='ocrx_word' id='word_1_137' title='bbox 61 2240 96 2297; x_wconf 89' lang='lat' dir='ltr'>et</span> <span class='ocrx_word' id='word_1_138' title='bbox 111 2235 292 2314; x_wconf 88' lang='lat' dir='ltr'>quingenti,</span> <span class='ocrx_word' id='word_1_139' title='bbox 308 2235 400 2313; x_wconf 88' lang='lat' dir='ltr'>signa</span> <span class='ocrx_word' id='word_1_140' title='bbox 416 2235 570 2297; x_wconf 91' lang='lat' dir='ltr'>militaria</span> <span class='ocrx_word' id='word_1_141' title='bbox 585 2235 651 2297; x_wconf 92' lang='lat' dir='ltr'>duo</span> <span class='ocrx_word' id='word_1_142' title='bbox 666 2241 700 2297; x_wconf 90' lang='lat' dir='ltr'>et</span> <span class='ocrx_word' id='word_1_143' title='bbox 715 2235 935 2314; x_wconf 86' lang='lat' dir='ltr'>septuaginta.</span> <span class='ocrx_word' id='word_1_144' title='bbox 979 2234 1124 2313; x_wconf 88' lang='lat' dir='ltr'>Regulus</span> 
     </span>
     <span class='ocr_line' id='line_1_21' title="bbox 62 2334 1159 2414; baseline 0.003 -20"><span class='ocrx_word' id='word_1_145' title='bbox 62 2334 131 2413; x_wconf 86' lang='lat' dir='ltr'>ipse</span> <span class='ocrx_word' id='word_1_146' title='bbox 143 2334 229 2396; x_wconf 91' lang='lat' dir='ltr'>inter</span> <span class='ocrx_word' id='word_1_147' title='bbox 239 2335 422 2396; x_wconf 89' lang='lat' dir='ltr'>tumultum</span> <span class='ocrx_word' id='word_1_148' title='bbox 434 2354 508 2396; x_wconf 93' lang='lat' dir='ltr'>cum</span> <span class='ocrx_word' id='word_1_149' title='bbox 519 2335 632 2414; x_wconf 90' lang='lat' dir='ltr'>paucis</span> <span class='ocrx_word' id='word_1_150' title='bbox 643 2334 769 2414; x_wconf 85' lang='lat' dir='ltr'>effugit.</span> <span class='ocrx_word' id='word_1_151' title='bbox 813 2334 899 2396; x_wconf 90' lang='lat' dir='ltr'>Tum</span> <span class='ocrx_word' id='word_1_152' title='bbox 909 2334 951 2396; x_wconf 94' lang='lat' dir='ltr'>ad</span> <span class='ocrx_word' id='word_1_153' title='bbox 962 2334 1124 2412; x_wconf 89' lang='lat' dir='ltr'>Tynetem</span> <span class='ocrx_word' id='word_1_154' title='bbox 1143 2339 1159 2386; x_wconf 82' lang='grc'><strong>9</strong></span> 
     </span>
     <span class='ocr_line' id='line_1_22' title="bbox 61 2433 1123 2514; baseline 0.001 -18"><span class='ocrx_word' id='word_1_155' title='bbox 61 2433 178 2496; x_wconf 92' lang='lat' dir='ltr'>eodem</span> <span class='ocrx_word' id='word_1_156' title='bbox 194 2453 259 2514; x_wconf 94' lang='lat' dir='ltr'>quo</span> <span class='ocrx_word' id='word_1_157' title='bbox 275 2440 374 2497; x_wconf 93' lang='lat' dir='ltr'>antea</span> <span class='ocrx_word' id='word_1_158' title='bbox 390 2434 469 2496; x_wconf 76' lang='lat' dir='ltr'>looo&#39;</span> <span class='ocrx_word' id='word_1_159' title='bbox 479 2440 586 2497; x_wconf 89' lang='lat' dir='ltr'>castra</span> <span class='ocrx_word' id='word_1_160' title='bbox 602 2434 721 2512; x_wconf 92' lang='lat' dir='ltr'>posita,</span> <span class='ocrx_word' id='word_1_161' title='bbox 738 2434 903 2513; x_wconf 87' lang='lat' dir='ltr'>legatique</span> <span class='ocrx_word' id='word_1_162' title='bbox 925 2433 1067 2513; x_wconf 88' lang='lat' dir='ltr'>triginta.</span> <span class='ocrx_word' id='word_1_163' title='bbox 1081 2433 1123 2497; x_wconf 88' lang='lat' dir='ltr'>ab</span> 
     </span>
     <span class='ocr_line' id='line_1_23' title="bbox 61 2531 1123 2613; baseline 0.003 -20"><span class='ocrx_word' id='word_1_164' title='bbox 61 2531 259 2612; x_wconf 88' lang='lat' dir='ltr'>Carthagine</span> <span class='ocrx_word' id='word_1_165' title='bbox 274 2533 316 2595; x_wconf 90' lang='lat' dir='ltr'>ad</span> <span class='ocrx_word' id='word_1_166' title='bbox 332 2533 517 2613; x_wconf 91' lang='lat' dir='ltr'>Scipionem</span> <span class='ocrx_word' id='word_1_167' title='bbox 532 2539 704 2596; x_wconf 90' lang='lat' dir='ltr'>venerunt.</span> <span class='ocrx_word' id='word_1_168' title='bbox 749 2533 794 2597; x_wconf 85' lang='lat' dir='ltr'>Et</span> <span class='ocrx_word' id='word_1_169' title='bbox 810 2532 854 2594; x_wconf 97' lang='lat' dir='ltr'>illi</span> <span class='ocrx_word' id='word_1_170' title='bbox 869 2533 1003 2613; x_wconf 90' lang='lat' dir='ltr'>quidem</span> <span class='ocrx_word' id='word_1_171' title='bbox 1014 2533 1123 2596; x_wconf 80' lang='lat' dir='ltr'>multo</span> 
     </span>
     <span class='ocr_line' id='line_1_24' title="bbox 61 2631 1123 2713; baseline 0.003 -20"><span class='ocrx_word' id='word_1_172' title='bbox 61 2631 279 2695; x_wconf 88' lang='lat' dir='ltr'>miserabilius</span> <span class='ocrx_word' id='word_1_173' title='bbox 309 2652 410 2712; x_wconf 86' lang='lat' dir='ltr'>quarn</span> <span class='ocrx_word' id='word_1_174' title='bbox 440 2640 548 2709; x_wconf 89' lang='lat' dir='ltr'>antea,</span> <span class='ocrx_word' id='word_1_175' title='bbox 580 2653 646 2713; x_wconf 90' lang='lat' dir='ltr'>quo</span> <span class='ocrx_word' id='word_1_176' title='bbox 677 2633 780 2712; x_wconf 90' lang='lat' dir='ltr'>magis</span> <span class='ocrx_word' id='word_1_177' title='bbox 811 2633 948 2712; x_wconf 89' lang='lat' dir='ltr'>cogebat</span> <span class='ocrx_word' id='word_1_178' title='bbox 978 2632 1123 2707; x_wconf 86' lang='lat' dir='ltr'>fortuna,</span> 
     </span>
     <span class='ocr_line' id='line_1_25' title="bbox 61 2731 1123 2811; baseline 0.001 -17"><span class='ocrx_word' id='word_1_179' title='bbox 61 2737 214 2810; x_wconf 87' lang='lat' dir='ltr'>egerunt;</span> <span class='ocrx_word' id='word_1_180' title='bbox 261 2732 317 2794; x_wconf 90' lang='lat' dir='ltr'>sed</span> <span class='ocrx_word' id='word_1_181' title='bbox 352 2732 524 2811; x_wconf 92' lang='lat' dir='ltr'>aliquanto</span> <span class='ocrx_word' id='word_1_182' title='bbox 558 2732 683 2794; x_wconf 91' lang='lat' dir='ltr'>minore</span> <span class='ocrx_word' id='word_1_183' title='bbox 718 2751 793 2794; x_wconf 89' lang='lat' dir='ltr'>cum</span> <span class='ocrx_word' id='word_1_184' title='bbox 827 2732 1046 2795; x_wconf 85' lang='lat' dir='ltr'>misericordia</span> <span class='ocrx_word' id='word_1_185' title='bbox 1081 2731 1123 2795; x_wconf 94' lang='lat' dir='ltr'>ab</span> 
     </span>
     <span class='ocr_line' id='line_1_26' title="bbox 61 2831 1177 2913; baseline -0.001 -21"><span class='ocrx_word' id='word_1_186' title='bbox 61 2831 184 2893; x_wconf 84' lang='lat' dir='ltr'>recenti</span> <span class='ocrx_word' id='word_1_187' title='bbox 201 2831 357 2894; x_wconf 89' lang='lat' dir='ltr'>memoria</span> <span class='ocrx_word' id='word_1_188' title='bbox 374 2832 529 2910; x_wconf 89' lang='lat' dir='ltr'>perfidiae</span> <span class='ocrx_word' id='word_1_189' title='bbox 546 2832 652 2894; x_wconf 92' lang='lat' dir='ltr'>auditi</span> <span class='ocrx_word' id='word_1_190' title='bbox 669 2837 757 2894; x_wconf 90' lang='lat' dir='ltr'>sunt.</span> <span class='ocrx_word' id='word_1_191' title='bbox 802 2832 843 2892; x_wconf 93' lang='lat' dir='ltr'>In</span> <span class='ocrx_word' id='word_1_192' title='bbox 860 2832 992 2895; x_wconf 89' lang='lat' dir='ltr'>consilio</span> <span class='ocrx_word' id='word_1_193' title='bbox 1009 2852 1123 2913; x_wconf 91' lang='lat' dir='ltr'>quam·</span> <span class='ocrx_word' id='word_1_194' title='bbox 1144 2845 1177 2891; x_wconf 84' lang='lat' dir='ltr'>lo</span> 
     </span>
     <span class='ocr_line' id='line_1_27' title="bbox 61 2930 1124 3011; baseline -0.001 -17"><span class='ocrx_word' id='word_1_195' title='bbox 61 2949 164 3009; x_wconf 89' lang='lat' dir='ltr'>quam</span> <span class='ocrx_word' id='word_1_196' title='bbox 183 2930 270 2992; x_wconf 88' lang='lat' dir='ltr'>iusta</span> <span class='ocrx_word' id='word_1_197' title='bbox 289 2931 336 2992; x_wconf 91' lang='lat' dir='ltr'>ira</span> <span class='ocrx_word' id='word_1_198' title='bbox 356 2951 468 2993; x_wconf 89' lang='lat' dir='ltr'>omnes</span> <span class='ocrx_word' id='word_1_199' title='bbox 487 2931 529 2993; x_wconf 92' lang='lat' dir='ltr'>ad</span> <span class='ocrx_word' id='word_1_200' title='bbox 549 2930 722 2994; x_wconf 89' lang='lat' dir='ltr'>delendam</span> <span class='ocrx_word' id='word_1_201' title='bbox 741 2931 936 2994; x_wconf 86' lang='lat' dir='ltr'>stimulabat</span> <span class='ocrx_word' id='word_1_202' title='bbox 955 2931 1124 3011; x_wconf 88' lang='lat' dir='ltr'>Carthagi·</span> 
     </span>
     <span class='ocr_line' id='line_1_28' title="bbox 61 3031 1123 3110; baseline 0.001 -19"><span class='ocrx_word' id='word_1_203' title='bbox 61 3049 148 3106; x_wconf 91' lang='lat' dir='ltr'>nem,</span> <span class='ocrx_word' id='word_1_204' title='bbox 169 3036 281 3092; x_wconf 88' lang='lat' dir='ltr'>tamen</span> <span class='ocrx_word' id='word_1_205' title='bbox 301 3050 375 3092; x_wconf 91' lang='lat' dir='ltr'>cum</span> <span class='ocrx_word' id='word_1_206' title='bbox 394 3036 427 3093; x_wconf 89' lang='lat' dir='ltr'>et</span> <span class='ocrx_word' id='word_1_207' title='bbox 446 3036 572 3109; x_wconf 94' lang='lat' dir='ltr'>quanta</span> <span class='ocrx_word' id='word_1_208' title='bbox 591 3050 641 3093; x_wconf 89' lang='lat' dir='ltr'>res</span> <span class='ocrx_word' id='word_1_209' title='bbox 659 3036 745 3093; x_wconf 88' lang='lat' dir='ltr'>esset</span> <span class='ocrx_word' id='word_1_210' title='bbox 763 3036 797 3093; x_wconf 90' lang='lat' dir='ltr'>et</span> <span class='ocrx_word' id='word_1_211' title='bbox 816 3051 917 3110; x_wconf 94' lang='lat' dir='ltr'>quam</span> <span class='ocrx_word' id='word_1_212' title='bbox 935 3031 1023 3109; x_wconf 88' lang='lat' dir='ltr'>longi</span> <span class='ocrx_word' id='word_1_213' title='bbox 1041 3037 1123 3094; x_wconf 92' lang='lat' dir='ltr'>tem-</span> 
     </span>
     <span class='ocr_line' id='line_1_29' title="bbox 60 3129 1122 3210; baseline 0.002 -18"><span class='ocrx_word' id='word_1_214' title='bbox 60 3130 148 3210; x_wconf 91' lang='lat' dir='ltr'>poris</span> <span class='ocrx_word' id='word_1_215' title='bbox 162 3129 288 3192; x_wconf 89' lang='lat' dir='ltr'>obsidio</span> <span class='ocrx_word' id='word_1_216' title='bbox 301 3136 371 3192; x_wconf 89' lang='lat' dir='ltr'>tarn</span> <span class='ocrx_word' id='word_1_217' title='bbox 385 3131 532 3193; x_wconf 90' lang='lat' dir='ltr'>munitae</span> <span class='ocrx_word' id='word_1_218' title='bbox 544 3136 578 3193; x_wconf 91' lang='lat' dir='ltr'>et</span> <span class='ocrx_word' id='word_1_219' title='bbox 591 3135 663 3192; x_wconf 90' lang='lat' dir='ltr'>tam</span> <span class='ocrx_word' id='word_1_220' title='bbox 675 3129 805 3193; x_wconf 85' lang='lat' dir='ltr'>validae</span> <span class='ocrx_word' id='word_1_221' title='bbox 818 3131 907 3193; x_wconf 88' lang='lat' dir='ltr'>urbis</span> <span class='ocrx_word' id='word_1_222' title='bbox 920 3137 1122 3209; x_wconf 87' lang='lat' dir='ltr'>reputarent,</span> 
     </span>
    </p>

    <p class='ocr_par' dir='ltr' id='par_1_5' title="bbox 59 3217 1186 3610">
     <span class='ocr_line' id='line_1_30' title="bbox 59 3217 1123 3309; baseline 0.001 -17"><span class='ocrx_word' id='word_1_223' title='bbox 59 3235 94 3292; x_wconf 89' lang='lat' dir='ltr'>et</span> <span class='ocrx_word' id='word_1_224' title='bbox 124 3229 232 3309; x_wconf 91' lang='lat' dir='ltr'>ipsum</span> <span class='ocrx_word' id='word_1_225' title='bbox 262 3230 446 3308; x_wconf 92' lang='lat' dir='ltr'>Scipionem</span> <span class='ocrx_word' id='word_1_226' title='bbox 475 3217 678 3309; x_wconf 88' lang='lat' dir='ltr'>exspectatio</span> <span class='ocrx_word' id='word_1_227' title='bbox 708 3231 899 3293; x_wconf 88' lang='lat' dir='ltr'>successoris</span> <span class='ocrx_word' id='word_1_228' title='bbox 929 3231 1060 3293; x_wconf 92' lang='lat' dir='ltr'>venturi</span> <span class='ocrx_word' id='word_1_229' title='bbox 1079 3231 1123 3293; x_wconf 92' lang='lat' dir='ltr'>ad</span> 
     </span>
     <span class='ocr_line' id='line_1_31' title="bbox 59 3330 1121 3409; baseline 0.001 -18"><span class='ocrx_word' id='word_1_230' title='bbox 59 3336 213 3409; x_wconf 87' lang='lat' dir='ltr'>paratam</span> <span class='ocrx_word' id='word_1_231' title='bbox 242 3330 375 3392; x_wconf 89' lang='lat' dir='ltr'>alterius</span> <span class='ocrx_word' id='word_1_232' title='bbox 403 3330 515 3392; x_wconf 91' lang='lat' dir='ltr'>labore</span> <span class='ocrx_word' id='word_1_233' title='bbox 543 3350 581 3391; x_wconf 95' lang='lat' dir='ltr'>ac</span> <span class='ocrx_word' id='word_1_234' title='bbox 609 3330 753 3409; x_wconf 90' lang='lat' dir='ltr'>periculo</span> <span class='ocrx_word' id='word_1_235' title='bbox 781 3330 866 3393; x_wconf 90' lang='lat' dir='ltr'>finiti</span> <span class='ocrx_word' id='word_1_236' title='bbox 894 3330 969 3393; x_wconf 90' lang='lat' dir='ltr'>belli</span> <span class='ocrx_word' id='word_1_237' title='bbox 997 3330 1121 3393; x_wconf 86' lang='lat' dir='ltr'>famam</span> 
     </span>
     <span class='ocr_line' id='line_1_32' title="bbox 60 3429 1171 3508; baseline 0.001 -16"><span class='ocrx_word' id='word_1_238' title='bbox 60 3429 263 3505; x_wconf 88' lang='lat' dir='ltr'>sollicitaret,</span> <span class='ocrx_word' id='word_1_239' title='bbox 279 3430 322 3492; x_wconf 95' lang='lat' dir='ltr'>ad</span> <span class='ocrx_word' id='word_1_240' title='bbox 337 3450 452 3508; x_wconf 91' lang='lat' dir='ltr'>pacem</span> <span class='ocrx_word' id='word_1_241' title='bbox 467 3431 615 3492; x_wconf 93' lang='lat' dir='ltr'>omnium</span> <span class='ocrx_word' id='word_1_242' title='bbox 636 3430 738 3492; x_wconf 92' lang='lat' dir='ltr'>animi</span> <span class='ocrx_word' id='word_1_243' title='bbox 753 3430 837 3492; x_wconf 88' lang='lat' dir='ltr'>versi</span> <span class='ocrx_word' id='word_1_244' title='bbox 852 3437 940 3493; x_wconf 91' lang='lat' dir='ltr'>sunt.</span> <span class='ocrx_word' id='word_1_245' title='bbox 961 3430 1171 3494; x_wconf 41' lang='lat' dir='ltr'>&gt;,Poster08⁷</span> 
     </span>
     <span class='ocr_line' id='line_1_33' title="bbox 60 3528 1186 3610; baseline 0.003 -19"><span class='ocrx_word' id='word_1_246' title='bbox 60 3529 113 3592; x_wconf 90' lang='lat' dir='ltr'>die</span> <span class='ocrx_word' id='word_1_247' title='bbox 131 3529 432 3609; x_wconf 81' lang='lat' dir='ltr'>revocatislegatis</span> <span class='ocrx_word' id='word_1_248' title='bbox 444 3536 495 3592; x_wconf 78' lang='lat' dir='ltr'>et.</span> <span class='ocrx_word' id='word_1_249' title='bbox 508 3549 587 3591; x_wconf 88' lang='lat' dir='ltr'>cum</span> <span class='ocrx_word' id='word_1_250' title='bbox 605 3528 712 3592; x_wconf 89' lang='lat' dir='ltr'>multa</span> <span class='ocrx_word' id='word_1_251' title='bbox 732 3529 948 3610; x_wconf 85' lang='lat' dir='ltr'>castigatione</span> <span class='ocrx_word' id='word_1_252' title='bbox 964 3529 1129 3610; x_wconf 64' lang='lat' dir='ltr'>perfidiae</span> <span class='ocrx_word' id='word_1_253' title='bbox 1163 3568 1186 3577; x_wconf 85' lang='lat'>·-</span> 
     </span>
    </p>
   </div>
   <div class='ocr_carea' id='block_1_5' title="bbox 0 0 1252 3908">
    <p class='ocr_par' dir='ltr' id='par_1_6' title="bbox 0 0 1252 3908">
     <span class='ocr_line' id='line_1_34' title="bbox 0 0 1252 3908; baseline 0 0"><span class='ocrx_word' id='word_1_254' title='bbox 0 0 1252 3908; x_wconf 95' lang='lat' dir='ltr'> </span> 
     </span>
    </p>
   </div>
  </div>
 </body>
</html>
