2496 3908
138 229 179 295 56
618 246 708 296 mvr
1010 248 1181 314 [noosxxt

102 434 117 478 6
180 419 389 498 Sempronius
407 421 449 482 ad
467 420 648 483 tumultum
667 422 884 485 Numidarum
901 423 1045 502 primum
1063 444 1183 488 omnem

138 519 334 596 equitatum,
354 519 446 581 ferox
465 541 502 581 ea
522 527 616 599 parte
635 522 754 582 virium
785 522 901 637 deppple
919 543 977 586 sex
995 524 1087 586 milia
1105 524 1182 604 pedi-

138 624 220 693 tum,
241 625 406 696 postremo
426 639 538 682 omnes
559 621 668 698 copias
688 621 730 683 ab
748 570 915 684 ddstrbato
933 622 1001 684 iam
1021 630 1100 687 ante
1119 643 1182 687 con·

102 733 116 779 7
137 717 206 779 silio
220 719 337 780 avidus
352 720 537 781 certaminis
550 720 675 782 eduxit.
721 721 802 783 Erat
814 721 900 783 forte
913 721 1050 785 brumae
1063 730 1185 802 tempus

136 824 169 880 et
189 818 306 880 nivalis
326 819 394 880 dies
414 820 447 878 in
467 818 545 881 locis
566 819 703 898 Alpibus
723 821 984 900 Appenninoque
1004 822 1184 898 interiectis,

136 919 275 996 propinq
300 919 326 980 it
349 926 382 989 te
409 919 510 980 etiam
538 919 711 980 fluminum
738 940 776 981 ac
803 920 962 998 paludum
989 923 1185 1002 praegelidis.

100 1017 187 1079 aAd
205 938 319 1079 hoodd
358 1005 405 1078 lin
422 1019 549 1081 eductis
568 1018 754 1081 hominibus
772 1026 873 1098 atque
890 1021 992 1099 equis,
1011 1042 1080 1083 non
1097 1029 1186 1102 capto
1230 1026 1232 1053 ¹

136 1123 213 1180 ante
229 1118 311 1193 cibo,
328 1138 394 1178 non
410 1138 471 1196 ope
487 1119 552 1179 ulla
569 1119 611 1180 ad
627 1119 804 1181 arcendum
819 1119 919 1197 frigus
935 1119 1099 1198 adhibita,
1114 1121 1186 1183 nihil

137 1216 250 1278 caloris
275 1217 379 1278 inerat
404 1222 447 1292 et,
474 1218 635 1296 quidquid
660 1237 758 1280 aurae
783 1219 925 1280 fluminis
950 1219 1187 1307 adpropinqua·
1229 1230 1232 1241 ’

136 1316 227 1392 bant,
256 1316 403 1378 adflabat
431 1317 535 1413 aprior
561 1317 688 1395 frigoris
716 1319 775 1379 vis.
820 1319 867 1380 Ut
891 1338 968 1380 vero
996 1320 1188 1400 refugientes

99 1430 114 1473 9
136 1416 348 1478 Numidam
385 1383 523 1495 qbbnbes
541 1436 663 1495 aquam
682 1417 816 1496 ingressi
834 1424 911 1480 sunt
924 1424 1012 1480 —et
1031 1427 1105 1484 erat
1121 1440 1188 1500 pec-

136 1515 261 1578 toribus
297 1510 330 1578 te
360 1522 530 1625 'ssaueta
550 1523 724 1579 -nocturno
761 1518 931 1593 imbri-‚
969 1525 1043 1580 tum
1080 1521 1189 1600 utique

135 1616 268 1693 egressis
292 1616 393 1694 rigele
416 1615 568 1695 omnibus
592 1636 727 1694 corpora
751 1622 788 1679 ut
812 1618 869 1678 vix
891 1623 1189 1683 armorum'tenen-

136 1716 253 1777 dorum
273 1703 423 1794 potentia
444 1722 538 1791 esset,
560 1722 593 1777 et
615 1716 709 1777 simul
731 1717 922 1779 lassitudine
942 1723 976 1780 et
997 1719 1189 1796 procedente

84 1816 202 1876 55iam
226 1816 277 1877 die
300 1816 388 1877 fame
411 1816 513 1876 etiam
537 1815 682 1877 deficere.
728 1816 923 1878 Hannibalis
947 1817 1080 1879 interim
1104 1819 1190 1880 miles

135 1916 263 1994 ignibus
290 1921 368 1977 ante
395 1916 537 1977 tentoria
563 1916 660 1977 factis
687 1916 822 1994 oleoque
848 1936 906 1995 per
931 1916 1129 1995 manipulos,
1155 1924 1190 1980 ut

135 2015 297 2077 mollirent
314 2021 416 2089 artus,
435 2015 533 2076 misso
550 2021 584 2076 et
602 2015 674 2076 cibo
690 2035 748 2093 per
764 2016 870 2077 otium
888 2022 995 2094 capto,
1013 2016 1071 2078 ubi
1089 2024 1191 2080 trans·

134 2135 257 2194 gressus
281 2115 403 2177 flumen
427 2114 529 2176 hostis
553 2116 745 2176 nuntiatum
769 2121 829 2191 est,
854 2115 961 2176 alacer
983 2116 1104 2179 animis
1128 2137 1191 2179 cor·

99 2239 113 2283 2
133 2215 331 2293 poribusque
347 2235 438 2276 arma
456 2215 544 2292 capit
560 2220 660 2292 atque
677 2215 709 2274 in
726 2215 828 2276 aciem
844 2215 1002 2293 procedit.
1048 2216 1192 2279 Baliares

133 2315 220 2376 locat
244 2321 320 2376 ante
344 2315 435 2392 signa
459 2315 630 2392 levemque
655 2314 751 2376 aliam
772 2321 984 2388 armaturam,
1001 2322 1077 2376 octo
1093 2317 1192 2378 ferme

133 2414 222 2476 milia
257 2413 438 2489 hominum,
470 2414 544 2476 dein
574 2414 756 2490 graviorem
790 2415 888 2475 armis
921 2414 1077 2494 peditem,
1106 2416 1193 2496 quod

134 2515 263 2589 virium,
276 2514 365 2592 quod
381 2514 504 2574 roboris
519 2520 590 2575 erat
599 2535 606 2589 ;
640 2514 673 2574 in
690 2513 840 2575 cornibus
856 2513 1065 2577 circumfudit
1081 2516 1192 2579 decem

135 2613 222 2674 milia
237 2614 397 2691 equitum,
417 2621 450 2675 et
464 2613 505 2674 ab
519 2613 670 2674 cornibus
686 2614 719 2673 in
735 2621 910 2692 utramque
926 2620 1056 2692 partem
1071 2614 1192 2679 divisos

98 2734 113 2778 3
133 2712 325 2790 elephantos
343 2713 473 2775 statuit.
518 2713 637 2775 Consul
658 2712 759 2775 effuse
776 2714 1100 2792 sequentisequites,
1120 2735 1193 2777 cum

134 2813 176 2897 ab
187 2813 415 2897 resistentibus
427 2813 537 2874 subito
551 2812 702 2874 Numidis
714 2813 837 2874 incauti
849 2813 1087 2892 exciperentur,
1101 2815 1192 2894 signo

98 2888 120 2968 d
134 2898 278 2990 receptui
303 2912 381 2973 dato
406 2918 576 2974 revocatos
601 2912 815 2974 circumdedit
839 2912 1015 2991 peditibus
1062 2914 1192 2977 Duode-

134 3012 250 3088 viginti
288 3011 376 3072 milia
413 3011 564 3072 Romana
601 3018 705 3086 erant,
743 3012 868 3073 socium
904 3012 1045 3074 nominis
1083 3014 1192 3077 Latini

134 3111 260 3187 viginti,
283 3110 404 3171 auxilia
426 3118 593 3188 praeterea
614 3112 891 3186 Cenomanorum;
924 3132 963 3173 ea
983 3112 1053 3174 sola
1073 3113 1108 3174 in
1128 3113 1192 3176 fide

97 3224 112 3268 5
135 3216 298 3271 manserat
318 3209 441 3271 Gallica
461 3230 548 3287 gens.
594 3211 638 3270 Iis
658 3212 758 3288 copiis
778 3230 971 3273 concursum
989 3217 1050 3273 est.
1096 3213 1191 3275 Proe-

133 3310 214 3371 lium
232 3329 252 3369 a
272 3308 456 3370 Baliaribus
475 3316 586 3371 ortum
604 3317 670 3387 est;
702 3296 916 3401 quibusmum
936 3311 1058 3373 maiore
1077 3312 1191 3374 robore

133 3409 273 3485 legiones
308 3407 513 3483 obsisterent,
549 3409 684 3470 diducta
719 3385 871 3487 pbopere
888 3410 920 3469 in
956 3429 1078 3472 cornua
1111 3410 1191 3474 levis

97 3514 302 3569 oarmatura
332 3513 392 3583 est,
424 3528 507 3586 quae
538 3527 587 3570 res
617 3508 724 3570 effecit
755 3515 792 3570 ut
822 3509 991 3586 equitatus
1021 3509 1191 3572 Romanus
