2496 3908
61 270 164 322 caras.
180 270 205 331 a,
220 269 244 332 a,
261 270 313 337 m]
555 270 644 319 nrvr
1101 260 1121 322 9

60 445 273 524 insequentes
305 443 389 507 ictus
420 444 610 523 praebebat.
623 418 737 518 [Cum
769 444 824 518 diu
856 465 976 525 anceps
1007 420 1187 554 fuisset&

62 550 231 628 certamen
258 550 291 606 et
318 543 517 622 Saguntinis,
546 544 622 622 quia
650 550 779 622 pffiueiflr
805 564 896 623 spem
925 545 1120 633 resisterent,

63 643 243 719 erexissent
255 643 366 718 animi,
380 643 517 725 Poenus,
532 643 608 722 quia
622 663 687 704 non
699 643 840 719 vicisset,
854 663 912 722 pro
925 645 1014 718 victo
1025 651 1119 719 esset,
1142 659 1157 703 a

63 744 240 824 Clfflllfflm
263 748 396 820 repente
418 742 573 820 oppidani
597 743 718 821 tollunt
741 743 933 824 hostemque
946 745 989 841 ⁴in
1012 744 1121 806 ruinas

62 843 148 905 muri
173 841 353 925 ermehunt,
378 841 455 916 inde
480 842 675 921 impeditum
701 843 986 923 trepidantemque
1011 849 1121 918 ermun-

62 943 161 1022 bpnt,
179 935 346 1031 postremo
365 942 476 1003 fusum
496 942 714 1022 fugatumque
736 943 768 1003 in
791 950 897 1005 castra
919 944 1079 1023 redigunt.
1153 943 1173 997 ὓ

105 1024 253 1109 Ιῃῖειὶιῑι’
265 1040 308 1102 ab
328 1041 435 1103 Roma
454 1041 579 1122 lega-tos
599 1043 725 1105 venisse
745 1044 936 1106 nuntiatum
955 1051 1028 1119 est,
1053 1044 1122 1123 qui·
1143 1062 1158 1107 s

33 1142 125 1220 ,bus
152 1141 295 1218 obviam
312 1141 356 1203 ad
377 1160 472 1235 ¹mare
498 1142 586 1230 missi
613 1143 655 1204 ab
683 1142 869 1206 Hannibale
895 1143 951 1222 qui
978 1144 1123 1207 dicerent
1199 1220 1202 1225 ι

63 1261 123 1304 nec
146 1246 226 1315 tuto
247 1261 306 1303 eos
331 1240 479 1314 adituros
506 1241 591 1304 inter
615 1248 666 1304 tot
693 1249 763 1305 tam
789 1243 1022 1306 effrenatarum
1046 1263 1122 1323 gen-

63 1342 150 1405 tium
179 1360 282 1416 arma,
313 1361 372 1403 nec
403 1342 581 1404 Hannibali
613 1343 645 1403 in
676 1348 771 1404 tanto
802 1342 986 1406 discrimine
1016 1363 1123 1406 rerum

63 1461 182 1520 operae
205 1443 273 1513 esse
295 1440 474 1519 legationes
496 1442 617 1504 audire.
664 1443 854 1521 Apparebat
877 1463 942 1503 non
965 1444 1123 1506 admissos
1144 1458 1158 1502 4

63 1541 216 1625 protinus
248 1540 478 1618 Carthaginem
513 1542 624 1613 ituros
671 1542 819 1604 Litteras
839 1543 945 1627 .th
976 1544 1123 1606 nuntios-

64 1660 129 1720 que
153 1640 195 1702 ad
219 1640 380 1719 principes
403 1641 556 1717 factionis
582 1641 739 1703 Barcinae
763 1643 947 1721 praemittit
970 1650 1008 1705 ut
1032 1664 1123 1722 prae-

65 1746 220 1820 pararent
243 1758 376 1802 suorum
399 1740 536 1815 animos,
561 1761 601 1803 ne
623 1741 726 1829 quid
727 1761 802 1820 pars
825 1742 927 1804 altera
950 1744 1123 1821 gratificari

64 1839 187 1920 populo
210 1839 361 1901 Romano
383 1846 503 1918 posset.
550 1842 677 1921 ltaque,
703 1848 933 1920 praeterquam
955 1843 1043 1922 Qd
1066 1843 1174 1905 ad-10

65 1939 154 2001 missi
172 1938 343 2018 auditique
360 1946 447 2014 sunt,
467 1960 505 2001 ea
524 1959 654 2019 quoque
674 1961 760 2002 vana
778 1947 878 2021 atque
897 1942 986 2003 irrita
1005 1943 1123 2021 legatio

64 2039 139 2101 fuit.
186 2039 306 2100 Hanno
337 2058 422 2100 unus
453 2039 609 2128 adversus
642 2047 792 2102 senatum
826 2061 957 2102 causam
987 2042 1160 2121 foederisa

65 2158 185 2218 magno
218 2139 346 2201 silentio
380 2146 514 2218 propter
548 2141 781 2202 auctoritatem
815 2140 918 2215 suam,
953 2134 1020 2203 non
1052 2143 1124 2203 oum

61 2240 206 2326 ‚ildihffiu
228 2238 433 2300 audientium
456 2240 532 2317 egit,
557 2260 614 2318 per
638 2240 714 2302 deos
737 2240 905 2302 foederum
927 2240 1066 2303 arbitros
1088 2263 1160 2308 acu

60 2346 167 2425 mstjs
190 2344 342 2403 senatum
366 2340 546 2416 obtestans,
568 2361 608 2402 ne
634 2340 822 2402 Romanum
847 2359 920 2401 curn
945 2341 1125 2419 Saguntino

65 2440 262 2531 ausgithrffllt
283 2440 420 2516 bellum;
455 2442 628 2515 monuisse,
655 2440 852 2519 praedixisse
873 2461 916 2516 se,
938 2460 979 2503 ne
1001 2440 1125 2502 Hamil-

64 2526 149 2602 caris
177 2541 365 2619 progeniem
395 2542 437 2603 ad
467 2541 653 2604 exercitum·
680 2541 850 2602 mitterent
858 2560 865 2615 ;
907 2560 972 2601 non
1003 2561 1124 2616 manes

65 2659 132 2700 non
154 2640 290 2718 stirpem
311 2641 380 2703 eius
404 2641 628 2720 conquiescere
654 2640 724 2714 viri,
750 2659 808 2702 nec
832 2658 999 2719 umquam,
1023 2640 1125 2703 donec

64 2740 232 2818 sanguinis
260 2741 464 2820 nominisque
494 2741 623 2802 Barcini
654 2740 828 2818 quisquam
858 2741 1007 2818 supersit,
1037 2741 1125 2819 quie·

66 2846 141 2902 tura
173 2839 324 2901 Romana
354 2840 495 2909 foedera.
541 2841 715 2907 ‘Iuvenem
750 2839 944 2917 flagrantem
976 2841 1160 2918 cupidines

67 2941 155 3020 regni
178 2941 331 3021 viamque
353 2961 453 3003 unam
475 2941 517 3003 ad
540 2941 572 3003 id
596 2948 793 3024 cernentem,
819 2941 845 3002 si
866 2961 907 3002 ex
929 2939 1019 3003 bellis
1041 2940 1125 3002 bella

66 3041 202 3125 serendo
223 3041 407 3102 succinctus
429 3042 527 3102 armis
548 3040 793 3120 legionibusque
818 3040 921 3115 vivat,
945 3040 1035 3102 velut
1057 3044 1146 3127 rna-⁸

64 3141 184 3205 teriam
214 3140 280 3220 igni
311 3139 504 3227 pgaebentes
535 3141 577 3202 ad
608 3141 769 3203 exercitus
801 3140 944 3201 misistis.
990 3140 1124 3217 Aluistis

65 3260 141 3330 ergo
159 3239 220 3302 hoc
239 3222 435 3313 incendium,
454 3249 522 3318 quo
538 3260 624 3301 nuno
643 3239 773 3302 ardetis.
820 3241 1005 3318 Saguntum
1025 3241 1123 3302 vestri
1144 3258 1158 3302 5

67 3339 304 3417 circumsedent
338 3340 509 3427 exercitus,
546 3340 632 3424 unde
668 3346 820 3409 arcentur
853 3339 999 3415 foedere,·
1047 3359 1124 3401 mox

65 3439 297 3518 Carthaginem
322 3438 604 3522 circumsedebunt
628 3439 797 3501 Romanae
822 3439 961 3518 legiones
986 3439 1124 3501 ducibus

60 3523 259 3650 QF'Q’
280 3551 338 3610 per
356 3551 438 3610 quos
458 3532 563 3631 priore
583 3531 666 3593 bello
686 3538 783 3610 rupta
802 3531 933 3593 foedera
953 3538 1030 3594 sunt
1050 3532 1121 3594 ulti.
