2496 3908
115 236 156 300 82
595 249 684 299 arvr
967 249 1170 316 [nooxxxu.

115 422 182 485 dies
205 443 270 484 non
293 423 382 502 apud
406 423 524 487 milites
547 423 653 486 solum
676 425 797 487 mixtos
825 445 867 488 ex
896 424 1077 488 colluvione
1106 446 1174 488 om·

114 523 205 584 nium
225 523 373 600 gentium
394 523 451 586 sed
471 525 573 586 etiam
593 524 683 603 apud
704 524 821 586 ducem
841 525 950 603 ipsum
970 525 1172 588 oriebantur.

80 621 202 684 3Nam
238 642 312 684 cum
348 623 441 686 initio
478 623 638 699 fremitus
676 623 793 686 deinde
829 631 944 702 aperta
980 625 1174 701 uociferatio

114 721 229 784 fuisset
259 723 507 801 exposcentium
538 723 739 802 stipendium
758 723 920 786 'debitum
951 725 1176 804 querentium-

26 882 29 890 ,
115 840 178 900 que
202 842 368 883 annonam
390 822 506 901 primo,
531 829 697 901 postremo
720 822 853 898 famem,
877 831 911 885 et
934 824 1175 886 mercennarios

116 921 233 984 milites
264 922 405 984 maxime
436 922 574 1000 Hispani
604 922 729 1000 generis
758 923 798 985 de
828 922 1022 985 transitione
1053 922 1175 1002 cepisse

79 1034 95 1079 4
117 1022 285 1083 eonsilium
307 1022 396 1083 fama
418 1029 514 1096 esset,
538 1022 606 1101 ipse
628 1023 730 1084 etiam
752 1023 919 1085 interdum
943 1022 1111 1084 Hannibal
1135 1024 1175 1085 de

115 1122 193 1200 suga
216 1123 249 1182 in
272 1121 412 1182 Galliam
436 1121 556 1183 dicitur
578 1122 729 1199 agitasse,
753 1122 801 1184 ita
823 1129 871 1185 ut‘
885 1121 997 1184 relicto
1021 1122 1175 1201 peditatu

80 1222 204 1287 oomni
233 1241 307 1283 cum
333 1221 499 1300 equitibus
527 1241 560 1283 se
588 1222 777 1300 proriperet.
822 1221 905 1283 Cum
932 1221 1013 1284 haec
1041 1222 1175 1283 consilia

116 1328 216 1400 atque
246 1320 297 1382 hio
319 1320 461 1383 ¹habitus
492 1321 676 1382 animorum
695 1327 791 1383 esset
821 1321 854 1381 in
886 1321 1010 1396 castris,
1042 1312 1175 1384 moriere

116 1421 190 1483 inde
218 1421 338 1483 statuit
366 1421 398 1480 in
428 1420 582 1482 calidiora
610 1427 711 1499 atque
738 1441 777 1483 eo
807 1421 986 1483 maturiora
1016 1421 1175 1483 messibus

116 1520 253 1599 Apuliae
268 1521 349 1594 loca,
365 1520 460 1582 simul
476 1521 575 1599 quod,
592 1540 657 1599 quo
672 1519 799 1597 longius
814 1520 856 1581 ab
871 1519 965 1582 hoste
980 1521 1174 1596 recessisset,
1215 1586 1218 1590 ,

116 1621 298 1698 transfugia
316 1620 523 1698 impeditiora
541 1620 668 1682 levibus
686 1619 823 1697 ingeniis
839 1626 958 1682 essent.
1003 1620 1175 1683 Profectus

80 1741 96 1785 6
116 1728 165 1784 est
189 1728 285 1783 noete
309 1720 437 1797 ignibus
461 1719 612 1782 similiter
632 1719 729 1780 sactis
753 1718 1038 1798 tabernaculisque
1062 1721 1175 1799 paucis

117 1821 312 1899 inspeciem
336 1819 465 1894 relictis,
489 1826 527 1881 ut
550 1819 742 1880 insidiarum
765 1839 825 1897 par
847 1818 945 1897 priori
969 1825 1077 1881 metus
1100 1839 1176 1881 con-

82 1920 236 1992 atineret
259 1919 437 1981 Romanos.
482 1918 547 1981 Sed
570 1938 627 1997 per
648 1917 789 1980 eundem
813 1917 983 1979 Lucanum
1006 1918 1176 1980 Statilium

118 2019 269 2081 omnibus
299 2019 385 2081 ultra
417 2026 523 2081 castra
553 2025 710 2097 transque
741 2018 862 2080 montis
891 2017 1070 2096 exploratis
1101 2039 1176 2080 oum

118 2120 258 2182 relatum
287 2126 382 2193 esset,
415 2119 523 2180 visum
553 2117 665 2197 procul
696 2116 842 2179 hostium
872 2136 999 2195 agmen,
1032 2123 1106 2179 tum
1137 2118 1176 2181 de

82 2220 317 2298 8insequend0
345 2239 384 2281 eo
414 2218 546 2280 consilia
575 2217 692 2295 agitari
722 2223 848 2295 coepta.
893 2216 976 2278 Cum
1004 2217 1176 2297 utriusque

119 2319 257 2381 consulis
290 2318 415 2392 eadem,
451 2338 535 2397 quae
569 2324 646 2380 ante
679 2336 808 2395 semper
840 2316 965 2391 suisset,
1000 2318 1175 2393 sententia,

119 2426 262 2482 ceterum
289 2418 426 2480 Varroni
453 2418 519 2480 fere
546 2436 669 2491 omnes,
697 2415 800 2478 Paulo
827 2435 923 2478 nemo
950 2421 1080 2494 praeter
1106 2418 1178 2479 Ser-

83 2519 233 2580 9vilium
264 2518 377 2597 prioris
408 2517 485 2578 anni
517 2516 683 2578 consulem
712 2515 943 2590 adsentiretur,
973 2535 1016 2577 ex
1046 2515 1178 2577 maioris

119 2619 221 2698 partis
247 2618 410 2680 sententia
436 2618 478 2678 ad
504 2616 727 2678 nobilitandas
754 2615 844 2678 clade
870 2615 1022 2676 Romana
1047 2615 1177 2676 Cannas

69 2729 98 2775 10
119 2725 254 2796 urgente
273 2718 344 2778 fato
365 2716 502 2795 profecti
523 2721 611 2778 sunt.
656 2716 762 2794 Prope
781 2735 858 2778 eum
878 2715 988 2777 vicum
1009 2713 1177 2775 Hannibal

120 2825 226 2880 eastra
256 2823 410 2895 posuerat
440 2835 554 2878 aversa
585 2835 604 2876 a
634 2814 795 2877 Volturno
825 2821 936 2889 vent0,
968 2813 1023 2892 qui
1055 2814 1179 2893 campis

69 2928 97 2973 11
119 2917 249 2980 torridis
282 2916 429 2978 siccitate
461 2914 565 2977 nubes
598 2914 741 2993 pulveris
773 2913 874 2975 vehit.
920 2913 960 2975 Id
993 2934 1068 2976 cum
1100 2914 1179 2993 ipsis

120 3017 233 3079 castris
276 3016 545 3095 percommodum
586 3014 661 3088 fuit,
705 3020 778 3075 tum
819 3012 962 3101 salutare
1005 3013 1179 3092 praecipue

119 3117 268 3179 futurum
295 3122 376 3189 erat,
406 3134 480 3176 eum
508 3114 612 3176 aciem
638 3113 824 3190 dirigerent,
853 3112 913 3190 ipsi
942 3113 1057 3187 aversi,
1087 3120 1179 3190 terga

119 3223 252 3279 tantum
284 3216 428 3277 adflante
459 3220 570 3288 vente,
603 3213 636 3273 in
668 3218 878 3274 occaecatum
909 3211 1042 3290 pulvere
1073 3212 1180 3274 offuso

120 3317 249 3379 hostem
265 3314 453 3394 pugnaturi.

69 3431 113 3480 44
163 3414 317 3479 Consules
337 3414 417 3476 satis
437 3411 616 3490 exploratis
636 3410 807 3486 itineribus
827 3417 1000 3490 sequentes
1020 3412 1179 3486 Poenum,

123 3523 161 3579 ut
179 3521 317 3577 ventum
337 3512 379 3575 ad
397 3513 527 3575 Cannas
545 3518 595 3574 est
614 3511 700 3574 etin
719 3517 896 3589 conspectu
916 3511 1062 3572 Poenum
1081 3509 1180 3574 habe-
