2496 3908
71 253 173 303 chirs.
188 253 212 315 4,
228 254 251 315 a,
265 253 306 319 a]
559 254 649 304 nrvr
1089 246 1129 308 73

71 430 170 492 deum
198 429 255 491 sed
283 429 316 490 vi
344 449 382 503 ac
410 429 535 492 virtute
562 429 770 492 evadendum
797 450 881 507 esse;
921 451 979 510 per
1006 432 1130 495 medias

38 554 49 589 a
70 530 156 591 acies
174 529 260 591 ferro
278 529 367 589 viam
386 528 453 590 fieri
472 535 516 603 et,
537 548 602 607 quo
621 530 747 591 timoris
766 530 874 592 minus
892 531 945 607 sit,
965 551 1004 593 eo
1022 532 1130 594 minus

70 629 173 690 ferme
196 627 329 707 periculi
353 647 432 690 esse.
477 627 629 701 Ceterum
653 648 730 707 prae
754 630 895 707 strepitu
919 651 957 692 ac
983 632 1129 694 tumultu
1150 645 1164 691 3

70 748 130 789 nec
157 727 326 789 consilium
351 747 410 788 nec
436 727 609 805 imperium
634 728 737 806 accipi
762 735 904 806 poterat,
931 695 1129 809 tabtumque

70 828 186 889 aberat
204 833 242 889 ut
260 846 319 888 sua
337 827 429 904 signa
447 833 549 905 atque
567 826 695 889 ordines
713 834 746 889 et
764 827 872 889 locum
891 835 1071 906 noscerent,
1091 837 1129 892 ut

71 928 128 988 vix
156 925 198 988 ad
226 946 318 987 arma
347 925 504 1004 capienda
532 926 745 1005 aptandaque
773 947 901 1006 pugnae
930 936 1129 1007 competeret

71 1027 210 1102 animus
226 1026 552 1104 opprimerenturque
567 1025 703 1104 quidam
718 1028 844 1088 onerati
859 1028 962 1106 magis
977 1029 1015 1090 iis
1029 1048 1129 1107 quam

71 1127 160 1189 tecti.
206 1126 250 1188 Et
266 1130 337 1188 erat
354 1125 387 1185 in
404 1131 499 1187 tanta
517 1124 652 1204 caligine
669 1127 773 1188 maior
789 1146 867 1188 usus
884 1127 1012 1189 aurium
1029 1147 1129 1207 quam

70 1225 249 1288 oculorum.
294 1224 346 1286 Ad
363 1225 504 1303 gemitus
522 1225 695 1287 vulnerum
713 1227 862 1305 ictusque
880 1246 1052 1305 corporum
1070 1233 1128 1291 aut
1149 1238 1164 1282 4

70 1345 237 1387 armorum
268 1331 301 1386 et
328 1325 449 1386 mixtos
475 1325 666 1386 terrentium
690 1326 949 1405 paventiumque
973 1326 1128 1388 clamores

71 1424 343 1486 circumferebant
359 1444 415 1485 ora
428 1424 612 1503 oculosque.
657 1424 721 1485 Alii
736 1425 897 1503 fugientes
909 1427 1128 1504 pugnantium
1148 1443 1162 1488 5

13 1557 17 1560 »
70 1525 166 1603 globo
191 1522 272 1586 illati
298 1524 487 1599 haerebant,
504 1524 584 1585 alios
603 1524 775 1587 redeuntes
793 1526 826 1586 in
841 1545 986 1604 pugnam
1001 1533 1127 1588 averte-

70 1625 129 1686 bat
140 1625 337 1703 fugientium
349 1643 476 1702 agmen.
512 1624 646 1700 Deinde,
660 1625 716 1686 ubi
732 1625 765 1685 in
780 1626 885 1686 omnis
900 1627 1003 1704 partis
1015 1627 1127 1705 nequi·
1148 1640 1163 1685 6
1217 1708 1220 1714 Ι

71 1743 172 1803 quarn
194 1725 336 1802 impetus
359 1724 457 1802 capti,
480 1730 513 1786 et
535 1725 577 1785 ab
598 1725 755 1786 lateribus
777 1732 905 1787 montes
927 1745 964 1787 ac
986 1727 1085 1801 lacus
1108 1748 1128 1788 a

70 1825 178 1886 fronte
195 1830 229 1886 et
247 1824 289 1884 ab
307 1830 398 1902 tergo
416 1823 561 1885 hostium
578 1814 663 1886 acies
681 1824 889 1899 claudebant,
908 1827 1127 1905 apparuitque

70 1924 194 1985 nullam
219 1924 280 1984 nisi
305 1924 337 1983 in
362 1923 497 1985 dextera
522 1924 672 2003 ferroque
696 1924 811 1986 salutis
835 1945 926 2003 spem
950 1945 1028 2000 esse,
1055 1932 1162 1987 tumr

69 2025 130 2085 sibi
150 2024 288 2102 quisque
308 2023 377 2084 dux
396 2022 654 2102 adhortatorque
674 2023 782 2085 factus
802 2024 844 2086 ad
864 2043 932 2086 rem
951 2025 1127 2103 gerendam

68 2129 102 2184 et
118 2143 204 2184 nova
221 2123 261 2184 de
276 2123 402 2199 integro
418 2129 533 2184 exorta
549 2142 658 2200 pugna
674 2130 734 2198 est,
752 2142 817 2185 non
834 2124 887 2185 illa
903 2124 1054 2187 ordinata
1070 2145 1128 2203 per

69 2219 230 2297 principes
250 2217 465 2296 hastatosque
484 2238 522 2279 ac
543 2219 681 2293 triarios
702 2238 760 2304 nec
780 2225 818 2281 ut
838 2239 897 2297 pro
917 2220 1016 2298 signis
1035 2227 1127 2282 ante

69 2318 205 2396 signani,
217 2324 291 2395 post
304 2318 395 2395 signa
408 2317 471 2378 alia
484 2324 645 2395 pugnaret
657 2319 751 2393 acics,
765 2337 823 2380 nec
836 2325 874 2380 ut
887 2319 920 2379 in
932 2339 991 2381 sua
1002 2320 1127 2399 legione

69 2418 161 2479 miles
184 2424 242 2479 aut
266 2416 399 2479 cohorte
421 2424 480 2479 aut
503 2417 671 2495 manipulo
693 2424 794 2480 esset:
820 2418 887 2480 fors
908 2418 1126 2497 conglobabat
1147 2435 1161 2480 8

68 2523 101 2578 et
122 2517 251 2578 animus
274 2535 352 2578 suus
373 2517 489 2596 cuique
511 2523 588 2578 ante
610 2524 669 2579 aut
692 2525 767 2595 post
788 2518 956 2596 pugnandi
979 2518 1126 2581 ordinem

69 2617 188 2692 dabat,
228 2623 408 2695 tantusque
434 2616 498 2679 fuit
525 2617 623 2678 ardor
648 2617 842 2693 animorum,
870 2618 952 2679 adeo
979 2619 1126 2681 intentus

69 2736 197 2795 pugnae
227 2717 355 2778 animus
385 2722 422 2777 ut
449 2704 527 2778 ‘eum
556 2724 685 2779 motum
714 2723 829 2793 terrae,
860 2718 917 2798 qui
946 2718 1126 2780 multarum
1194 2797 1197 2805 Ι

69 2817 200 2877 urbium
217 2816 334 2878 Italiac
350 2835 487 2893 magnas
503 2822 614 2894 partes
630 2817 810 2894 prostravit
826 2817 1013 2896 avertitque
1030 2836 1125 2880 cursu

69 2916 199 2994 rapidos
228 2915 344 2990 amnis,
374 2935 463 2977 mare
491 2916 681 2998 fluminibus
709 2916 845 2992 invexit,
875 2924 1003 2979 montes
1031 2917 1125 2995 lapsu
1168 2983 1169 2986 ,

68 3016 191 3093 ingenti
212 3015 348 3092 proruit,
371 3034 467 3076 nemo
488 3016 706 3093 pugnantium
727 3017 872 3078 senserit.

108 3116 179 3176 Tris
204 3114 305 3176 ferme
331 3114 426 3176 horas
452 3122 637 3192 pugnaturn
661 3121 721 3190 est,
748 3123 781 3178 et
806 3115 928 3195 ubique
953 3116 1159 3193 atrociter36

68 3215 150 3275 circa
187 3214 352 3282 consulem
387 3221 498 3275 tamen
533 3215 638 3276 acrior
671 3214 883 3294 infestiorque
917 3234 1027 3293 pugna
1062 3222 1121 3278 est.

68 3314 153 3375 Eum
171 3320 205 3375 et
224 3314 341 3375 robora
361 3314 506 3374 virorum
525 3314 747 3391 sequebantur
765 3320 798 3376 et
818 3315 895 3392 ipse,
916 3334 1123 3393 quacumque
1144 3331 1158 3375 2

68 3414 99 3473 in
114 3421 208 3491 parte
224 3413 326 3491 premi
348 3433 385 3473 ac
405 3413 553 3474 laborare
573 3419 717 3475 senserat
737 3432 822 3489 suos,
844 3414 978 3492 impigre
997 3414 1123 3476 ferebat

68 3533 177 3591 opem;
211 3513 435 3590 insignemque
456 3512 554 3573 armis
574 3518 608 3575 et
629 3511 739 3574 hostes
760 3532 888 3574 summa
908 3513 942 3573 vi
962 3513 1121 3591 petebant
1143 3526 1158 3570 3
