2496 3908
89 249 322 315 CHAP8.30‚81.]
589 250 677 299 mvr
1114 239 1154 302 31

92 426 185 504 Alpis
209 425 265 486 via
287 431 382 500 esset,
407 425 473 499 sed,
498 431 661 504 quantum
683 446 703 486 a
726 426 807 487 mari
831 425 1022 502 recessisset,
1047 425 1155 488 minus

92 525 231 587 obvium
250 523 319 586 iore
341 523 530 585 Romanum
551 525 694 600 credens,
717 544 790 586 cum
812 544 886 604 quo,
909 526 1100 605 priusquam
1121 526 1155 586 in
1174 541 1189 588 3

93 623 228 686 Italiam
251 629 389 685 ventum
411 623 507 698 foret,
531 643 597 684 non
620 630 690 685 erat
714 624 880 686 inanimo
904 644 1020 686 manus
1045 645 1153 688 conse

93 743 171 786 rere.
218 722 352 798 Quartis
383 723 497 785 castris
527 722 569 785 ad
600 723 746 785 Insulam
777 724 934 802 pervenit.
981 725 1032 787 Ibi
1063 726 1188 787 Isaras

93 823 342 902 Rhodanusque
377 820 490 885 amnes
525 823 661 885 diversis
695 842 736 885 ex
772 823 910 902 Alpibus
946 824 1153 888 decurrentes

93 923 160 1002 agri
193 923 402 1002 aliquantum
434 923 577 1001 amplexi
610 923 819 986 confluunt
812 944 845 985 111
877 943 995 1001 111111111;
1039 925 1152 988 mediis

94 1023 218 1102 campis
247 1023 379 1085 Insulae
409 1042 528 1085 nomen
557 998 709 1097 inditum
755 1024 908 1086 Incolunt
937 1044 1037 1103 prope
1066 1024 1187 1087 Alloc

93 1123 219 1202 brogeS,
249 1142 327 1201 gens
356 1122 422 1183 iam
450 1122 525 1184 inde
554 1122 642 1184 nulla
672 1122 795 1184 Gallica
824 1130 920 1201 gente
949 1124 1066 1202 opibus
1093 1131 1152 1186 aut

91 1224 182 1284 fama
207 1222 348 1285 inferior.
393 1222 478 1284 Tum
503 1223 624 1284 discors
647 1230 734 1285 erat:
770 1224 858 1301 regni
885 1224 1060 1286 certamine
1084 1244 1152 1285 am·
1172 1234 1187 1279 6

91 1321 250 1402 bigebant
274 1321 392 1384 fratres
400 1342 408 1398 ;
446 1321 550 1384 maior
574 1328 608 1384 et
634 1323 690 1402 qui
715 1323 805 1401 prius
831 1323 1045 1402 imperitaret,
1073 1324 1152 1385 Bra-

90 1441 172 1484 neus
198 1422 386 1497 nomine,a
367 1422 519 1485 afratre
551 1423 675 1484 minore
705 1428 738 1484 et
770 1429 864 1485 coetu
896 1423 1068 1499 iuniorum,
1096 1423 1152 1503 qui

91 1522 160 1584 iure
194 1521 313 1596 minus,
346 1522 380 1582 vi
413 1521 486 1600 plus
518 1528 648 1600 potrt
633 1522 885 1627 ,p.ellebatur
932 1523 1038 1584 Huius
1070 1522 1151 1585 sedi·
1171 1532 1186 1578 7

92 1622 192 1684 tionis
228 1627 474 1701 peropportuna
511 1601 597 1684 disce
622 1590 706 1684 tatio
743 1642 817 1683 cum
853 1622 895 1684 ad
933 1622 1151 1686 Hannibalern

90 1721 242 1799 delegata
256 1726 351 1796 esset,
369 1721 456 1783 arbit
443 1727 493 1783 ter
508 1721 597 1800 regni
617 1721 735 1796 factus
753 1721 842 1800 quod
857 1742 895 1783 ea
911 1728 1044 1784 senatus
1064 1723 1151 1801 prin-

92 1821 270 1899 cipumque
300 1821 465 1883 sententia
495 1820 613 1895 fuerat,
647 1821 818 1900 imperium
850 1822 964 1883 maiori
996 1823 1150 1885 restituit.

91 1920 143 1983 Ob
180 1919 213 1982 id
248 1920 403 1983 meritum
438 1927 624 1982 commeatu
660 1921 817 1999 copiaque
853 1941 959 1984 rerum
994 1923 1187 1997 omnium,8

90 2020 236 2083 maxime
250 2020 360 2095 vestis,
376 2025 426 2082 est
441 2019 584 2095 adiutus,
600 2039 700 2098 quam
715 2021 853 2082 infames
867 2021 1040 2100 frigoribus
1054 2021 1152 2101 Alpes

91 2119 280 2200 praeparari
299 2118 478 2198 cogebant.'
516 2119 644 2182 Sedatis
663 2120 828 2181 Hannibal
848 2121 1080 2184 certaminibus
1098 2122 1151 2183 Al·
1172 2129 1188 2173 9

90 2220 265 2298 lobrogum
286 2237 360 2280 cum
372 2219 447 2280 iam
468 2218 567 2297 Alpes
587 2225 724 2297 peteret,
746 2240 812 2282 non
833 2226 921 2282 recta
938 2221 1070 2300 regione
1091 2222 1152 2284 iter

91 2319 248 2394 instituit,
273 2317 331 2381 sed
355 2318 397 2381 ad
421 2318 550 2380 laevam
568 2313 608 2379 'in
631 2320 831 2382 Tricastinos
855 2320 945 2383 flexit
953 2340 961 2396 ;
997 2321 1072 2383 inde
1095 2341 1153 2400 per

90 2425 275 2482 extremam
304 2438 396 2481 oram
424 2418 660 2496 Vocontiorum
689 2419 757 2497 agri
786 2419 892 2481 tendit
921 2420 954 2480 in
981 2419 1151 2496 Tricorios,

90 2518 181 2581 haud
213 2537 354 2598 usquam
386 2518 545 2596 impedita
577 2519 631 2581 via
662 2519 853 2599 priusquam
884 2520 926 2581 ad
958 2519 1151 2582 Druentiam

90 2619 214 2680 fiumen
229 2619 391 2697 pervenit
367 2619 470 2680 tls
486 2619 543 2680 et
536 2639 604 2697 ipse
621 2619 759 2697 Alpinus
775 2619 880 2681 amnis
895 2619 990 2697 longe
1006 2619 1205 2777 OmHIUQ

1119 2733 1186 2779 m1

91 2717 217 2780 Galliae
246 2717 419 2779 fluminum
449 2717 700 2780 difficillimust
687 2719 828 2780 transitu
857 2725 916 2781 est.
893 2719 1048 2781 tNam
1078 2738 1117 2781 cu

91 2832 198 2893 aquae
222 2812 290 2873 vim
314 2812 415 2875 vehat
439 2813 615 2892 ingentem,
640 2834 706 2874 non
731 2820 841 2875 tamen
865 2815 1000 2875 navium
1024 2815 1152 2892 patiens

57 2903 59 2907 ’
91 2919 151 2988 est,
185 2912 284 3029 quia
296 2912 393 2974 nullis
426 2913 585 2975 coercitus
618 2914 705 2992 ripis,
739 2913 886 2991 pluribus
918 2914 1013 2975 slmul
1047 2933 1152 2994 neque

92 3011 195 3074 isdem
206 2980 315 3074 alveis
333 3012 446 3087 fluens
467 3032 553 3073 nova
572 3032 700 3091 semper
717 3013 804 3074 vada
823 3032 991 3092 novosque
1009 3014 1152 3092 gurgites

91 3112 205 3190 gignit,
222 3115 257 3174 et
273 3111 315 3173 ob
331 3111 447 3174 eadem
463 3112 564 3190 pedit
557 3133 566 3172 1
583 3132 714 3193 quoque
730 3113 832 3174 incert
835 3133 854 3174 a
870 3113 923 3174 via
939 3119 1004 3189 est;
975 3112 1074 3174 tad
1091 3112 1151 3175 hoc

92 3231 172 3273 saxa
191 3211 338 3289 glareosa
358 3211 494 3274 volvens
514 3211 593 3272 nihil
613 3212 730 3273 stabile
750 3231 808 3273 nec
828 3218 939 3274 tutum
959 3212 1151 3290 ingredienti

93 3310 239 3388 praebet.
285 3311 329 3373 Et
350 3317 422 3373 tum
441 3311 526 3374 forte
546 3311 705 3373 imbribus
725 3317 841 3373 auctus
862 3312 1026 3389 ingentem
1046 3318 1151 3373 trans·
1173 3329 1201 3373 12

93 3410 315 3488 gradientibus
326 3411 508 3472 tumultum
519 3411 607 3486 fecit,
621 3430 695 3472 cum
706 3430 803 3488 super
814 3418 920 3472 cetera
932 3410 1151 3489 trepidatione

93 3507 152 3588 ipsi
167 3527 229 3572 sua
243 3515 346 3589 atque
361 3510 492 3572 incertis
508 3509 703 3572 clamoribus
718 3509 941 3572 turbarentur.
