2496 3908
91 229 195 280 caras.
213 229 236 288 1,
251 229 275 289 2,
289 228 314 288 3,
328 227 368 293 4.]
578 227 666 276 crvr
1131 217 1150 279 3

91 409 195 482 atque
220 403 360 465 adsensu
385 403 570 482 appellatus
595 409 675 478 erat,
701 403 797 464 favor
822 404 924 482 plebis
950 410 1147 483 sequeretur.

40 560 43 566 ,
92 504 192 566 Hunc
206 503 343 564 vixdum
356 504 512 582 puberem
526 503 713 564 Hasdrubal
727 504 843 565 litteris
857 504 899 565 ad
913 524 946 566 se
959 505 1149 567 accersierat
1170 523 1184 567 2

91 610 235 682 actaque
256 623 305 666 res
325 603 425 665 etiam
447 603 479 663 in
500 609 616 665 senatu
637 603 754 665 fuerat.
803 603 947 665 Barcinis
969 605 1150 667 nitentibus

90 710 129 766 ut
152 703 358 765 adsuesceret
380 703 515 764 militiae
538 703 702 764 Hannibal
726 709 826 782 atque
849 704 882 764 in
904 712 1058 782 paternas
1079 725 1149 766 suc-

92 803 221 879 cederet
233 823 320 882 opeS,
334 804 454 864 Hanno
466 803 598 864 alterius
609 802 761 864 factionis
774 791 923 882 princeps
935 805 996 866 ‘Et
1008 824 1148 884 aequum
1170 823 1184 867 3

89 903 259 983 postulare
281 902 425 964 videtur'
448 903 554 981 inquit
576 903 792 977 ‘Hasdrubal
815 909 848 965 et
870 924 929 981 ego
951 910 1062 965 tamen
1084 924 1149 965 non

90 1023 216 1078 censeo,
238 1002 328 1082 quod
347 1003 441 1081 petit,
462 1002 695 1064 tribuendum’
740 1003 822 1064 Cum
842 1003 1060 1065 admiratione
1080 1010 1148 1066 tam
1169 1023 1183 1068 4

89 1103 245 1182 ancipitis
275 1103 456 1164 sententiae
487 1103 519 1162 in
549 1123 583 1164 se
613 1103 718 1164 omnis
749 1103 972 1177 convertisset,
1004 1103 1147 1165 ‘Florem

89 1202 226 1265 aetatis'
253 1203 360 1281 inquit
385 1202 600 1277 ‘Hasdrubal
626 1222 724 1281 quem
749 1203 816 1281 ipse
841 1203 927 1281 patri
953 1202 1146 1264 Hannibalis

88 1302 268 1378 fruendum
288 1303 449 1381 praebuit,
471 1303 556 1364 iusto
585 1303 652 1364 iure
680 1323 755 1364 eum
775 1323 796 1364 a
814 1303 879 1363 filio
900 1303 1001 1381 repeti
1022 1309 1146 1378 censet;

89 1422 149 1465 nos
166 1409 280 1464 tamen
297 1402 429 1471 minime
446 1403 538 1464 decet
555 1403 762 1464 iuventutem
778 1408 924 1464 nostram
941 1422 999 1480 pro
1016 1403 1148 1464 militari

90 1502 279 1565 rudimento
296 1502 503 1564 adsuefacere
520 1502 647 1563 libidini
665 1509 863 1580 praetorum.
908 1503 959 1562 An
978 1501 1037 1562 hoc
1055 1502 1147 1564 time-
1168 1520 1182 1564 5

90 1622 174 1677 mus,
193 1622 234 1663 ne
253 1601 448 1662 Hamilcaris
466 1601 550 1663 filius
567 1602 663 1662 nimis
673 1622 750 1675 ‚sero
769 1602 903 1680 imperia
922 1601 1098 1663 immodica
1114 1608 1148 1663 et

46 1721 57 1726 ·’
90 1702 179 1780 regni
194 1701 324 1780 paterni
338 1701 478 1779 speciem
494 1700 615 1775 videat,
631 1708 674 1775 et,
692 1701 782 1763 cuius
797 1702 879 1779 regis
893 1721 1009 1780 genero
1026 1701 1148 1762 heredi-

91 1801 166 1863 tarii
186 1801 253 1862 sint
273 1800 376 1863 relicti
396 1801 557 1862 exercitus
577 1801 689 1875 nostri,
710 1801 779 1863 eius
799 1801 864 1862 filio
884 1820 1000 1878 parum
1021 1806 1148 1863 mature

90 1885 317 1963 serviamus?
338 1900 409 1979 Ego
442 1901 541 1962 istum
574 1900 724 1962 iuvenem
757 1901 845 1961 domi
877 1901 1055 1963 tenendum
1087 1901 1183 1963 subo

89 2000 226 2079 legibus
250 2001 311 2062 sub
334 2001 590 2078 magistratibus
615 2000 799 2062 docendum
822 2001 934 2062 vivere
953 2019 1058 2079 aequo
1081 2001 1149 2061 iure

90 2120 166 2163 cum
185 2100 299 2163 ceteris
317 2102 500 2175 censeo,'ne
517 2101 716 2179 quandoque
733 2119 855 2178 parvus
873 2100 924 2160 hic
943 2101 1024 2178 ignis
1042 2100 1148 2161 incen-

89 2199 183 2262 dium
207 2199 320 2278 ingens
342 2199 542 2261 exsuscitet!
588 2199 687 2261 Pauci
711 2219 748 2260 ac
771 2199 1039 2278 fermetoptimus
1062 2199 1188 2277 quis-4
1220 2217 1222 2221 ’

90 2303 167 2381 quel
188 2299 344 2367 Hannoni
376 2299 662 2375 adsentiebantur,·
706 2298 773 2374 sed,
807 2305 844 2361 ut
876 2299 1067 2377 plerumque
1099 2299 1147 2372 fit,

89 2399 196 2460 maior
210 2419 286 2476 pars
302 2399 467 2461 meliorem
484 2388 594 2484 vicits'l

100 2499 251 2586 (Missus
274 2498 440 2560 Hannibal
465 2499 497 2559 in
521 2499 716 2577 Hispaniam
738 2499 844 2578 primo
866 2499 980 2561 statim
1003 2498 1149 2560 adventu

91 2618 222 2660 omnem
241 2599 420 2661 exercitum
442 2598 527 2661 inse
547 2599 725 2661 convertit:
759 2599 979 2661 Hamilcarem
999 2599 1148 2660 iuvenem
1169 2615 1183 2658 a

91 2697 258 2761 redditum
281 2698 343 2759 sibi
368 2705 494 2760 veteres
518 2699 637 2760 milites
662 2700 789 2761 credere
797 2719 804 2774 ;
841 2698 980 2761 eundem
1005 2699 1149 2776 vigorem

91 2796 124 2859 in
149 2797 245 2860 vultu
270 2797 403 2876 vimque
428 2798 461 2858 in
486 2798 596 2872 oculis,
623 2798 774 2861 habitum
799 2799 862 2860 cris
886 2799 1149 2876 lineamentaque

48 2904 52 2912 '
91 2896 220 2960 intueri.
268 2897 350 2960 Dein
381 2898 473 2960 brevi
504 2898 621 2973 effecit,
654 2904 692 2960 ut
724 2905 818 2976 pater
848 2899 880 2958 in
912 2918 945 2960 se
977 2897 1149 2958 minimum

91 3004 298 3061 momentum
320 2997 363 3060 ad
385 2997 534 3060 favorem
558 2998 797 3060 conciliandum
819 3005 913 3060 esset.
960 2998 1149 3075 Numquam
1172 3011 1186 3054 3

91 3096 258 3176 ingenium
289 3097 375 3159 idem
406 3097 448 3159 ad
479 3118 528 3159 res
559 3097 804 3172 diversissimas,
836 3098 1018 3176 parendum
1048 3102 1149 3174 atque

91 3195 330 3275 imperandum,
360 3196 500 3258 habilius
527 3197 612 3269 fuit„
648 3199 766 3276 Itaque
795 3197 882 3259 haud
910 3196 1004 3258 facile
1032 3196 1148 3257 discer-

91 3315 193 3371 neres,
213 3301 327 3358 utrum
346 3296 534 3375 imperatori
553 3317 596 3358 an
615 3298 771 3359 exercitui
792 3298 895 3358 carior
912 3302 1013 3358 esset:
1044 3314 1149 3374 neque
1169 3312 1183 3355 4

92 3395 280 3458 Hasdrubal
306 3395 407 3456 alium
433 3415 632 3474 quemquam
657 3397 830 3474 praeficere
856 3397 962 3471 malle,
988 3395 1045 3456 ubi
1070 3393 1149 3473 quid

90 3493 221 3558 fortiter
250 3514 288 3556 ac
319 3501 451 3557 strenue
481 3495 644 3574 agendum
675 3502 769 3571 esset,
801 3515 906 3575 neque
937 3495 1055 3557 milites
1085 3493 1148 3554 alio
