2496 3908
134 249 176 314 66
617 259 707 309 mvr
1005 260 1101 326 [3001
1112 261 1177 312 xm.

134 435 269 497 maximi
290 434 451 515 templum
471 435 587 510 adiret,
609 455 649 498 ne
669 442 822 498 senatum
842 435 966 498 invisus
987 437 1058 516 ipse
1077 443 1110 500 et
1128 435 1178 498 sibi

134 535 190 597 uni
213 535 356 597 invisum
379 535 505 598 videret
529 533 786 614 consuleretque,
810 555 851 598 ne
874 535 1011 598 Latinas
1034 537 1180 600 indiceret

32 702 36 709 Ι
99 634 272 715 clovique
300 635 423 697 Latiari
450 634 605 698 sollemne
633 654 762 696 sacrum
788 635 823 696 in
851 642 963 698 monte
989 635 1123 712 faceret,
1148 655 1181 698 ne

135 734 304 813 auspicato
327 733 493 813 profectus
513 735 548 795 in
569 734 769 814 Capitolium
791 734 834 797 ad
856 741 936 797 vota
957 735 1181 815 nuncupanda,

136 834 312 913 paludatus
330 834 405 896 inde
424 854 498 895 cum
515 821 684 896 lictoribus
702 834 735 894 in
754 834 957 912 provinciam
974 835 1048 898 iret.
1093 836 1182 897 Lixae

136 933 233 995 modo
264 934 332 996 sine
362 933 552 1012 insignibus
583 934 651 996 sine
681 933 850 996 lictoribus
879 933 1066 1013 profectum
1097 935 1181 1010 clam,

136 1033 260 1108 furtim,
281 1033 370 1095 haud
392 1033 487 1095 aliter
505 1053 605 1114 quam
626 1033 652 1094 si
671 1033 758 1095 exilii
778 1053 876 1095 causa
899 1032 1006 1096 solum
1029 1035 1183 1097 vertisset.

89 1146 116 1191 10
137 1133 239 1211 Magis
274 1153 331 1212 pro
367 1134 539 1196 maiestate
573 1132 725 1196 videlicet
759 1133 885 1212 imperii
920 1133 1059 1194 Arimini
1094 1153 1184 1215 quam

137 1233 262 1295 Romae
285 1233 515 1311 magistratum
537 1233 697 1295 initurum
719 1239 752 1295 et
775 1234 808 1293 in
832 1233 1016 1296 deversorio
1038 1233 1186 1314 hospitali

88 1345 116 1390 11
138 1353 238 1412 quam
253 1333 341 1412 apud
356 1339 492 1412 penates
507 1320 582 1395 suos
598 1345 806 1411 praetextam
820 1339 1042 1412 sumpturum.
1087 1333 1187 1397 Revo

139 1433 280 1495 candum
305 1433 447 1495 universi
473 1432 772 1511 retrahendumque
799 1438 993 1496 censuerunt
1019 1440 1054 1496 et
1082 1453 1187 1512 cogen-

139 1533 217 1595 dum
252 1533 403 1595 omnibus
437 1532 527 1611 prius
562 1538 767 1611 praesentem
800 1532 834 1592 in
870 1531 947 1594 deos
981 1531 1188 1613 hominesque

138 1633 229 1710 fungi
252 1633 373 1707 officiis,
397 1652 497 1712 quam
519 1632 561 1694 ad
583 1632 763 1694 exercitum
784 1638 818 1694 et
840 1632 873 1692 in
895 1632 1101 1710 provinciam
1121 1633 1187 1696 iret.

90 1741 117 1786 12
140 1734 178 1793 ln
208 1752 281 1794 eam
311 1731 697 1809 legationem-legatos
726 1731 814 1794 enim
844 1731 932 1794 mitti
963 1730 1188 1811 placuit-Q.

138 1832 308 1894 Terentius
340 1838 374 1893 et
406 1831 450 1891 M.
483 1831 646 1894 Antistius
679 1831 816 1909 profecti
849 1830 949 1893 nihilo
982 1832 1088 1911 magis
1119 1851 1190 1896 eum

139 1938 313 1994 moverunt
340 1950 440 2010 quam
467 1932 572 2010 priore
599 1931 772 1993 consulatu
797 1931 926 1994 litterae
953 1940 1127 1996 moverant
1152 1931 1190 2015 ab

90 2056 118 2101 13
139 2038 255 2094 senatu
277 2031 402 2092 missae.
448 2032 574 2093 Paucos
595 2038 669 2110 post
691 2031 759 2093 dies
780 2031 1011 2109 magistratum
1030 2032 1116 2110 iniit,
1136 2033 1191 2093 im·

139 2131 341 2210 molantique
359 2131 387 2193 ei
407 2130 530 2192 vitulus
548 2131 615 2191 iam
632 2131 717 2193 ictus
734 2151 752 2192 e
771 2130 922 2192 manibus
939 2131 1191 2196 sacrificantium

138 2250 206 2294 sese
234 2251 307 2292 cum
335 2230 556 2309 proripuisset,
585 2229 707 2292 multos
734 2230 982 2293 circumstantes
1010 2250 1123 2296 cruore
1148 2251 1192 2294 re

89 2354 118 2400 14
138 2332 270 2410 apersit3
301 2330 379 2408 fuga
400 2330 511 2409 procul
531 2329 632 2392 etiam
652 2329 756 2391 maior
775 2329 863 2408 apud
883 2330 1012 2407 ignaros
1033 2331 1114 2410 quid
1132 2338 1192 2394 tre-

139 2431 306 2510 pidaretur
329 2438 363 2493 et
388 2430 592 2491 concursatio
616 2429 690 2491 fuit.
747 2429 830 2490 ida
854 2428 1016 2509 plerisque
1040 2430 1074 2492 in
1100 2451 1191 2494 omen

89 2554 117 2600 15
139 2532 247 2609 magni
281 2530 411 2593 terroris
446 2537 628 2607 acceptum.
674 2528 869 2607 Legionibus
903 2529 979 2592 inde
1012 2529 1142 2594 duabus
1174 2550 1191 2592 a

138 2631 329 2710 Sempronio
349 2629 463 2708 prioris
482 2629 559 2690 anni
580 2628 721 2703 consule,
742 2629 870 2690 duabus
889 2648 908 2689 a
927 2628 962 2690 O.
982 2628 1084 2692 Atilio
1105 2649 1191 2710 prae·

139 2738 208 2793 tore
232 2730 374 2808 acceptis
397 2729 429 2789 in
454 2728 621 2790 Etruriam
644 2747 702 2807 per
723 2727 910 2808 Appennini
933 2727 1084 2792 tramites
1106 2748 1192 2792 exer·

140 2831 223 2893 citus
239 2829 312 2891 duci
328 2835 377 2891 est
394 2834 537 2907 coeptus
