2496 3908
114 251 399 317 Campanam]
601 251 690 300 mvx
1130 240 1170 304 57

112 426 281 505 extemplo
296 432 476 503 urgeretur.
522 426 608 487 Nam
624 446 699 488 cum
714 427 771 487 vix
786 428 851 489 iarn
867 449 924 508 per
938 448 971 491 se
987 429 1172 491 resisterent

112 527 226 588 decem
253 524 385 587 milibus
408 525 559 604 equiturn
584 531 744 604 quattuor
768 527 857 588 milia
881 532 915 590 et
939 527 1014 590 fessi
1039 527 1173 606 integris

109 625 286 704 plerisque,
315 624 425 687 obruti
452 631 529 687 sunt
556 625 689 704 insuper
714 626 806 688 velut
832 627 920 689 nube
946 627 1127 689 iaculorum
1154 647 1173 689 a

112 725 300 787 Baliaribus
336 724 491 786 coniecta.
536 724 589 786 Ad
621 724 683 786 hoc
716 724 882 804 elephanti
916 727 1096 790 eminentes
1130 727 1206 795 abr

110 824 269 888 extremis
284 824 446 899 comibus
457 824 553 903 equis
568 825 789 887 maximenon
804 825 876 887 visu
892 827 989 888 modo
1003 827 1060 889 sed
1074 828 1172 889 odore

111 924 245 987 insolito
270 923 402 998 territis
427 923 540 1001 lugam
564 923 630 986 late
653 924 830 986 faciebant.
876 925 1038 988 Pedestris
1063 945 1172 1004 pugna
1192 949 1206 991 s

111 1044 172 1103 par
187 1023 307 1085 animis
323 1023 425 1100 magis
441 1043 542 1101 quam
556 1023 680 1084 viribus
695 1030 776 1098 erat,
794 1044 875 1102 quas
891 1025 1028 1086 recentis
1044 1025 1172 1087 Poenus

111 1123 211 1202 paulo
268 1129 325 1185 nte
360 1123 480 1184 curatis
515 1122 703 1201 corporibus
737 1124 770 1182 in
805 1124 963 1201 proelium
998 1125 1171 1199 attulerat;

111 1229 228 1285 contra
246 1143 529 1301 lll‘ulalfessaque
551 1242 686 1301 corpora
707 1222 865 1283 Romanis
886 1229 919 1285 et
941 1224 1078 1300 rigentia
1099 1223 1172 1301 gelu

110 1322 303 1400 torpebant.
349 1321 560 1384 Restitissent
592 1327 704 1384 tamen
737 1323 864 1398 animis,
897 1323 923 1383 si
957 1342 1030 1384 curn
1063 1323 1172 1401 pedite

110 1421 219 1484 solum
250 1421 336 1483 foret
368 1428 567 1500 pugnatum;
610 1422 667 1483 sed
697 1428 730 1484 et
764 1420 907 1484 Baliares
939 1421 1207 1501 pulso'equitee

110 1521 346 1583 iaculabantur
357 1521 390 1580 in
402 1520 505 1582 latera
518 1526 551 1582 et
564 1501 729 1598 elephanti
744 1521 809 1581 iam
822 1521 854 1580 in
869 1522 1010 1583 mediam
1024 1522 1173 1601 peditum

111 1621 218 1683 aciem
231 1640 301 1682 sese
314 1619 494 1682 intulerant
508 1620 603 1778 Q
633 1620 904 1738 Oslbulssldafflle'
920 1620 1015 1682 simul
1030 1621 1173 1684 latebras

110 1740 228 1783 eorum
256 1719 440 1798 improvida
465 1640 665 1798 praeterell'i
688 1739 772 1782 acies
784 1696 857 1794 blast,
883 1721 988 1782 exorti
1014 1721 1056 1781 ab
1082 1728 1173 1798 tergo

110 1820 282 1897 ingentem
306 1817 489 1880 tumultum
512 1838 551 1879 ac
576 1824 732 1881 terrorem
756 1819 869 1881 fecere.
915 1820 1038 1890 Tamen
1063 1821 1096 1880 in
1121 1826 1172 1882 tot
1194 1834 1222 1878 1o

97 1918 405 1981 'circumstantibus
428 1917 522 1978 malis
545 1918 666 1980 mansit
690 1917 893 1997 aliquamdiu
916 1919 1054 1981 immota
1077 1920 1171 1994 acieS,

88 1997 258 2119 (maxime
298 2023 404 2079 raeter
417 2037 510 2096 spem
526 1985 845 2127 omniumkdyersus
860 2018 1062 2097 elephantos.
1108 2019 1173 2081 Eos
1194 2032 1220 2075 11

111 2088 230 2180 lello&
248 2137 268 2177 a
310 2116 344 2177 1d
362 2116 469 2194 ipsum
488 2115 587 2178 locati
606 2089 730 2178 v‘b'flrtrs
750 2117 903 2179 coniectis
922 2124 955 2179 et
974 2125 1121 2201 avertere
1139 2124 1172 2180 et

111 2217 252 2279 insecuti
274 2235 404 2278 aversos
423 2216 485 2277 sub
504 2216 626 2315 cgudis,
644 2236 709 2294 qua
735 2217 877 2278 maxime
903 2216 991 2277 molli
1013 2183 1086 2279 alite
1102 2217 1172 2278 vul-

110 2336 191 2379 nera
212 2315 389 2394 accipiunt,
410 2287 592 2377 ftllbbant.
637 2315 910 2394 Trepidantisque
930 2322 963 2378 et
985 2336 1084 2395 prope
1106 2317 1170 2377 iarn
1180 2335 1222 2382 56

111 2417 146 2478 in
166 2436 243 2478 suos
264 2420 490 2477 consternatos
509 2434 526 2477 e
547 2414 654 2477 media
674 2414 742 2476 acie
763 2415 795 2474 in
815 2421 999 2477 extremam
1018 2416 1060 2477 ad
1080 2416 1171 2476 sinis-

111 2523 203 2579 trum
219 2534 320 2577 comu
334 2515 491 2577 adversus
505 2514 615 2575 Gallos
630 2514 803 2576 auxiliares
818 2515 869 2592 agi
884 2515 978 2576 iussit
994 2514 1171 2575 Hannibal.

113 2617 164 2678 Ibi
192 2614 360 2693 extemplo
387 2613 477 2676 haud
505 2614 640 2676 dubiam
666 2614 771 2676 iecere
797 2614 911 2691 fugam
937 2635 1040 2693 eoque
1067 2634 1172 2676 novus

112 2723 218 2779 terror
247 2714 381 2777 additus
411 2714 569 2776 Romanis
599 2720 636 2776 ut
665 2713 739 2774 fusa
768 2714 890 2775 auxilia
919 2734 978 2775 sua
1007 2714 1207 2776 viderunt.2

112 2816 233 2895 Itaque
253 2834 329 2877 cum
347 2814 414 2875 iam
432 2813 598 2927 invgper
617 2820 812 2892 pugnarent,
833 2813 944 2876 decern
965 2813 1053 2874 milia
1072 2815 1173 2876 ferme

111 2915 295 2990 hominurn,
320 2880 481 2975 cumbllla
503 2913 641 2975 evadere
664 2913 864 2991 nequissent,
889 2913 996 2975 media
1019 2914 1172 2975 Afrorum

111 3015 190 3090 acie,
210 3034 277 3094 qua
295 3012 426 3075 Gallicis
443 3012 573 3074 auxiliis
591 3013 721 3074 firmata
739 3020 820 3088 erat,
840 3033 915 3074 curn
932 3013 1056 3090 ingenti
1076 3015 1173 3076 caede

110 3114 260 3178 hostium
280 3132 454 3192 perrupere
474 3120 518 3187 et,
542 3131 616 3174 curn
636 3132 741 3192 neque
762 3113 795 3172 in
817 3120 924 3174 castra
945 3113 1068 3175 reditus
1088 3121 1172 3177 esset
1193 3132 1208 3176 3

110 3214 246 3277 flumine
266 3212 450 3275 interclusis
469 3231 575 3290 neque
596 3232 673 3290 prae
693 3211 788 3272 imbri
808 3212 888 3273 satis
909 3212 1079 3275 decernere
1100 3234 1172 3291 pos-

109 3322 193 3391 sent,
225 3332 294 3392 qua
322 3311 389 3373 suis
418 3332 514 3390 opem
542 3311 676 3387 ferrent,
706 3311 911 3373 Placentiam
940 3319 1029 3374 recto
1059 3313 1173 3376 itinere

110 3432 292 3493 perrexere.
338 3411 450 3473 Plures
483 3411 600 3473 deinde
631 3411 665 3471 in
698 3431 811 3472 omnes
844 3419 953 3488 partes
985 3413 1208 3490 eruptiones4

108 3514 235 3589 factae;
271 3517 306 3574 et
330 3511 387 3590 qui
411 3511 533 3572 flumen
557 3510 689 3589 petiere,
714 3517 773 3572 aut
797 3511 979 3587 gurgitibus
1004 3512 1172 3592 absumpti
