2496 3908
89 233 191 283 curas.
208 233 231 294 1,
245 232 287 298 a]
575 230 665 280 mvr
1108 220 1150 281 69

90 408 218 483 collata,
245 414 410 488 quantum
436 409 581 471 conferre
609 409 726 488 cuique
747 407 956 470 commodum
976 414 1071 481 esset,
1093 406 1150 468 do

90 527 169 570 num
195 508 314 570 Iunoni
340 507 486 586 Reginae
511 508 544 569 in
570 509 773 570 Aventinum
798 508 931 582 ferrent,
958 507 1150 570 lectistemi·

89 626 212 688 umque
238 608 341 682 fieret,
370 614 404 670 et
431 613 470 669 ut
497 607 669 670 libertinae
695 614 729 670 et
758 608 857 687 ipsae.
878 607 965 670 unde
994 607 1150 670 Feroniae

90 707 213 770 donum
239 707 383 782 daretur,
410 707 583 786 pecuniam
609 727 668 787 pro
693 707 909 770 facultatibus
934 708 1000 770 suis
1027 707 1150 769 confer-

91 813 171 870 rent.
218 807 310 869 Haec
330 807 387 869 nbi
408 808 508 882 facta,
530 807 706 870 decemviri
727 807 854 870 Ardeae
876 808 907 868 in
929 808 999 869 loro
1022 807 1149 869 maiori·
1172 824 1199 868 ra

90 905 150 969 bus
167 906 283 970 hostiis
299 907 534 969 sacrificarunt.
580 907 751 970 Postremo
769 907 940 970 Decembri
958 907 1023 968 iarn
1040 926 1149 968 mensa

89 1007 130 1069 ad
150 1007 273 1070 aedem·
288 1007 422 1070 Saturni
443 1007 569 1069 Romae
590 1007 798 1069 immolatum
818 1015 878 1081 est,
900 1007 1149 1069 lectisternium·

88 1127 152 1187 que
170 1108 371 1186 imperatum
383 1112 470 1170 -et
489 1127 564 1170 eum
582 1107 705 1169 lectum
723 1114 889 1169 senatores
907 1113 1095 1169 straverunt
1108 1140 1148 1148 -

87 1214 120 1270 et
138 1207 330 1270 convivium
346 1207 525 1286 publicum,
544 1227 582 1269 aa
599 1226 657 1286 per
672 1207 786 1269 urbem
804 1206 990 1269 Saturnalia
1008 1206 1093 1268 diem
1111 1226 1148 1267 ac
1169 1221 1198 1266 ao

87 1313 219 1370 noctem
248 1307 402 1383 clamata,
430 1307 637 1386 populusque
664 1327 739 1369 eum
767 1306 853 1370 diem
881 1306 1002 1369 festum
1031 1305 1148 1368 habere

87 1429 125 1470 ac
141 1428 273 1470 servare
289 1407 322 1468 in
337 1413 533 1487 perpetuum
549 1408 664 1470 iussus,

131 1508 219 1570 Dum
243 1506 355 1569 consul
377 1507 546 1586 placandis
568 1507 695 1570 Romae
716 1507 766 1569 dis
789 1506 1004 1585 habendoque
1026 1505 1182 1568 dilectura

88 1607 147 1670 dat
174 1627 320 1687 operam,
348 1607 514 1669 Hannibal
540 1608 707 1686 proiectus
732 1627 773 1669 ex
800 1607 951 1680 hibernis,
980 1606 1056 1685 quia
1083 1606 1147 1667 iarn

89 1707 289 1769 Flaminium
325 1707 490 1770 consulem
524 1707 690 1770 Arretium
725 1707 909 1786 pervenisse
943 1706 1032 1767 fama
1066 1711 1146 1775 erat,

89 1827 165 1869 cum
201 1805 290 1869 aliud
327 1807 464 1886 longius
503 1814 646 1870 ceterum
685 1807 887 1869 commodius
923 1806 1182 1868 ostenderetura

88 1907 161 1982 iter,
178 1907 364 1986 propiorem
381 1907 470 1968 viam
486 1927 544 1985 per
559 1907 695 1985 paludes
712 1907 806 1985 pet-it,
825 1927 889 1985 qua
907 1906 1025 1967 fluvius
1041 1905 1148 1967 Arnus

88 2027 147 2086 per
180 2026 236 2069 eos
270 2007 339 2069 dies
373 2007 469 2069 solito
503 2007 607 2086 magis
642 2007 870 2068 inundaverat.
917 2007 1081 2084 Hispanos
1114 2010 1183 2067 eta

89 2108 188 2168 Afros
205 2112 238 2169 et
256 2126 353 2169 omne
370 2108 517 2169 veterani
535 2107 634 2169 robur
651 2102 812 2168 exercitus
830 2106 986 2168 admixtis
1004 2106 1147 2184 ipsorum

88 2206 344 2285 impedimentis,
380 2207 496 2269 necubi
530 2208 705 2269 consistere
739 2207 860 2269 coactis
893 2205 1072 2268 necessaria
1106 2206 1148 2267 ad

89 2325 168 2368 usus
186 2305 346 2381 deessent,
366 2306 488 2385 primos
505 2307 550 2369 ire
569 2307 672 2381 iussit,
691 2307 782 2385 sequi
802 2306 921 2380 Gallos,
941 2311 978 2367 ut
997 2305 1029 2366 id
1047 2306 1147 2383 agmi-

89 2407 140 2468 nis
177 2405 321 2468 medium
358 2413 452 2482 esset,
487 2407 679 2468 novissimos
717 2406 761 2467 ire
801 2407 937 2485 equites
976 2405 1180 2483 Magoncnr⁴

89 2505 166 2568 inde
186 2525 260 2567 cum
278 2505 440 2584 expeditis
460 2505 612 2568 Numidis
632 2525 744 2584 cogere
763 2525 890 2583 agmen,
912 2505 1054 2566 maxime
1073 2504 1146 2565 (lal-

89 2605 148 2681 los,
165 2605 192 2667 si
209 2605 320 2667 taedio
335 2604 455 2667 laboris
471 2605 651 2684 longaeque
667 2606 751 2681 viae,
769 2613 805 2667 ut
822 2614 871 2667 est
889 2605 993 2665 mollis
1009 2604 1051 2666 ad
1069 2603 1146 2666 talia

89 2725 179 2784 gens,
202 2704 424 2768 dilaberentur
444 2712 503 2767 aut
525 2705 749 2779 subsisterent,
774 2704 989 2767 cohibentem.
1036 2704 1145 2778 Primi,
1167 2715 1181 2756 t

90 2825 157 2885 qua
182 2804 280 2867 modo
304 2805 467 2884 praeirent
492 2804 599 2879 duces,
626 2826 684 2884 per
707 2805 871 2884 praealtas
896 2805 986 2866 fluvii
1012 2826 1049 2865 nc
1075 2823 1147 2882 pro-

89 2904 211 2967 fundas
233 2905 403 2983 voragines
430 2903 539 2988 hausti
567 2925 670 2983 paene
695 2905 773 2966 limo
801 2906 1092 2983 immergentesque
1114 2923 1147 2966 se

91 3011 204 3066 tamen
223 3004 315 3083 signa
335 3004 566 3083 sequebantur.
612 3005 696 3066 Galli
717 3025 822 3084 neque
842 3006 1001 3067 sustinere
1021 3024 1054 3066 se
1075 3023 1147 3082 pro·
1167 3016 1181 3059 o

90 3104 172 3183 lapsi
204 3123 310 3183 neque
341 3103 513 3182 adsurgere
544 3125 585 3166 ex
616 3105 826 3183 voraginibus
858 3111 1010 3183 poterant
1042 3123 1181 3183 neque-1

91 3210 149 3266 aut
168 3223 304 3282 corpora
322 3203 439 3265 animis
457 3210 515 3266 aut
534 3205 660 3266 animos
678 3224 735 3282 spe
753 3204 970 3278 sustinebant,
990 3203 1044 3264 alii
1062 3204 1147 3265 fessa

91 3322 185 3382 aegre
215 3301 383 3365 trahentes
413 3304 569 3378 membra,
601 3304 666 3378 alii,
698 3303 755 3364 ubi
785 3303 881 3365 semel
914 3303 1008 3364 victis
1038 3303 1148 3364 taedio

92 3403 208 3465 animis
225 3403 486 3481 procubuissent,
507 3404 592 3465 inter
610 3404 756 3464 iumenta
775 3409 809 3465 et
829 3404 898 3481 ipsa
918 3403 1056 3464 iacentia
1075 3423 1147 3481 pas-

92 3502 151 3563 sim
169 3502 346 3564 morientes
353 3521 361 3577 ;
393 3503 600 3590 maximeque
618 3502 765 3563 omnium
785 3502 913 3581 vigiliae
933 3501 1148 3564 conficiebant
