<?xml version="1.0" encoding="UTF-8"?>
<!DOCTYPE html PUBLIC "-//W3C//DTD XHTML 1.0 Transitional//EN"
    "http://www.w3.org/TR/xhtml1/DTD/xhtml1-transitional.dtd">
<html xmlns="http://www.w3.org/1999/xhtml" xml:lang="en" lang="en">
 <head>
  <title>
</title>
<meta http-equiv="Content-Type" content="text/html;charset=utf-8" />
  <meta name='ocr-system' content='tesseract 3.04.00' />
  <meta name='ocr-capabilities' content='ocr_page ocr_carea ocr_par ocr_line ocrx_word'/>
</head>
<body>
  <div class='ocr_page' id='page_1' title='image "./livysecondpunic00livygoog_0123.png"; bbox 0 0 2496 3908; ppageno 0'>
   <div class='ocr_carea' id='block_1_1' title="bbox 125 226 1176 336">
    <p class='ocr_par' dir='ltr' id='par_1_1' title="bbox 125 226 1176 336">
     <span class='ocr_line' id='line_1_1' title="bbox 125 226 1176 336; baseline -0.002 -10"><span class='ocrx_word' id='word_1_1' title='bbox 125 263 166 326; x_wconf 84' lang='lat'>96</span> <span class='ocrx_word' id='word_1_2' title='bbox 606 271 696 322; x_wconf 78' lang='lat' dir='ltr'>mvr</span> <span class='ocrx_word' id='word_1_3' title='bbox 896 226 904 231; x_wconf 38' lang='grc'><em>”</em></span> <span class='ocrx_word' id='word_1_4' title='bbox 968 270 1176 336; x_wconf 72' lang='lat' dir='ltr'>[nooxxxvn</span> 
     </span>
    </p>
   </div>
   <div class='ocr_carea' id='block_1_2' title="bbox 27 441 1180 3622">
    <p class='ocr_par' dir='ltr' id='par_1_2' title="bbox 27 441 1180 3622">
     <span class='ocr_line' id='line_1_2' title="bbox 123 441 1180 529; baseline -0.001 -17"><span class='ocrx_word' id='word_1_5' title='bbox 123 469 196 512; x_wconf 92' lang='lat' dir='ltr'>rum</span> <span class='ocrx_word' id='word_1_6' title='bbox 223 450 416 529; x_wconf 89' lang='lat' dir='ltr'>permissum</span> <span class='ocrx_word' id='word_1_7' title='bbox 443 455 538 525; x_wconf 85' lang='lat' dir='ltr'>esset,</span> <span class='ocrx_word' id='word_1_8' title='bbox 566 467 622 511; x_wconf 89' lang='lat' dir='ltr'>seu</span> <span class='ocrx_word' id='word_1_9' title='bbox 649 448 774 528; x_wconf 85' lang='lat' dir='ltr'>legibus</span> <span class='ocrx_word' id='word_1_10' title='bbox 800 467 857 511; x_wconf 88' lang='lat' dir='ltr'>seu</span> <span class='ocrx_word' id='word_1_11' title='bbox 884 447 1029 511; x_wconf 90' lang='lat' dir='ltr'>moribus</span> <span class='ocrx_word' id='word_1_12' title='bbox 1057 441 1180 524; x_wconf 81' lang='lat' dir='ltr'>mallet,¹</span> 
     </span>
     <span class='ocr_line' id='line_1_3' title="bbox 123 547 1180 629; baseline -0.001 -17"><span class='ocrx_word' id='word_1_13' title='bbox 123 550 319 629; x_wconf 77' lang='lat' dir='ltr'>anquireret,</span> <span class='ocrx_word' id='word_1_14' title='bbox 353 548 463 629; x_wconf 90' lang='lat' dir='ltr'>quoad</span> <span class='ocrx_word' id='word_1_15' title='bbox 496 547 546 611; x_wconf 89' lang='lat' dir='ltr'>vel</span> <span class='ocrx_word' id='word_1_16' title='bbox 581 548 698 626; x_wconf 90' lang='lat' dir='ltr'>capitis</span> <span class='ocrx_word' id='word_1_17' title='bbox 730 548 781 610; x_wconf 88' lang='lat' dir='ltr'>vel</span> <span class='ocrx_word' id='word_1_18' title='bbox 814 548 971 627; x_wconf 90' lang='lat' dir='ltr'>pecuniae</span> <span class='ocrx_word' id='word_1_19' title='bbox 1004 548 1180 611; x_wconf 90' lang='lat' dir='ltr'>iudicasset</span> 
     </span>
     <span class='ocr_line' id='line_1_4' title="bbox 87 646 1178 730; baseline 0.003 -24"><span class='ocrx_word' id='word_1_20' title='bbox 87 651 262 730; x_wconf 82' lang='lat' dir='ltr'>eprivato</span> <span class='ocrx_word' id='word_1_21' title='bbox 307 650 392 711; x_wconf 91' lang='lat' dir='ltr'>Tum</span> <span class='ocrx_word' id='word_1_22' title='bbox 415 649 625 728; x_wconf 84' lang='lat' dir='ltr'>Sempronius</span> <span class='ocrx_word' id='word_1_23' title='bbox 647 646 876 727; x_wconf 83' lang='lat' dir='ltr'>perduellionis</span> <span class='ocrx_word' id='word_1_24' title='bbox 898 666 932 709; x_wconf 92' lang='lat' dir='ltr'>se</span> <span class='ocrx_word' id='word_1_25' title='bbox 955 647 1099 711; x_wconf 90' lang='lat' dir='ltr'>iudicare</span> <span class='ocrx_word' id='word_1_26' title='bbox 1122 647 1178 710; x_wconf 91' lang='lat' dir='ltr'>Cn.</span> 
     </span>
     <span class='ocr_line' id='line_1_5' title="bbox 123 746 1180 827; baseline 0.001 -17"><span class='ocrx_word' id='word_1_27' title='bbox 123 750 238 813; x_wconf 91' lang='lat' dir='ltr'>Fulvio</span> <span class='ocrx_word' id='word_1_28' title='bbox 261 749 345 812; x_wconf 89' lang='lat' dir='ltr'>dixit</span> <span class='ocrx_word' id='word_1_29' title='bbox 369 748 520 827; x_wconf 89' lang='lat' dir='ltr'>diemque</span> <span class='ocrx_word' id='word_1_30' title='bbox 545 748 684 810; x_wconf 90' lang='lat' dir='ltr'>comitiis</span> <span class='ocrx_word' id='word_1_31' title='bbox 706 748 749 810; x_wconf 91' lang='lat' dir='ltr'>ab</span> <span class='ocrx_word' id='word_1_32' title='bbox 772 746 806 809; x_wconf 94' lang='lat' dir='ltr'>C.</span> <span class='ocrx_word' id='word_1_33' title='bbox 831 746 1006 827; x_wconf 90' lang='lat' dir='ltr'>Calpurnio</span> <span class='ocrx_word' id='word_1_34' title='bbox 1029 755 1180 827; x_wconf 86' lang='lat' dir='ltr'>praetore</span> 
     </span>
     <span class='ocr_line' id='line_1_6' title="bbox 74 847 1179 929; baseline -0.005 -15"><span class='ocrx_word' id='word_1_35' title='bbox 74 870 102 915; x_wconf 91' lang='lat'>10</span> <span class='ocrx_word' id='word_1_36' title='bbox 121 851 244 913; x_wconf 91' lang='lat' dir='ltr'>urbano</span> <span class='ocrx_word' id='word_1_37' title='bbox 272 850 364 929; x_wconf 87' lang='lat' dir='ltr'>petit.</span> <span class='ocrx_word' id='word_1_38' title='bbox 409 847 491 910; x_wconf 91' lang='lat' dir='ltr'>Inde</span> <span class='ocrx_word' id='word_1_39' title='bbox 521 847 583 909; x_wconf 91' lang='lat' dir='ltr'>alia</span> <span class='ocrx_word' id='word_1_40' title='bbox 616 867 688 927; x_wconf 89' lang='lat' dir='ltr'>spes</span> <span class='ocrx_word' id='word_1_41' title='bbox 720 847 761 910; x_wconf 89' lang='lat' dir='ltr'>ab</span> <span class='ocrx_word' id='word_1_42' title='bbox 791 867 845 910; x_wconf 92' lang='lat' dir='ltr'>reo</span> <span class='ocrx_word' id='word_1_43' title='bbox 875 853 1040 926; x_wconf 89' lang='lat' dir='ltr'>temptata</span> <span class='ocrx_word' id='word_1_44' title='bbox 1071 854 1131 924; x_wconf 74' lang='lat' dir='ltr'>est,</span> <span class='ocrx_word' id='word_1_45' title='bbox 1153 849 1179 911; x_wconf 91' lang='lat' dir='ltr'>si</span> 
     </span>
     <span class='ocr_line' id='line_1_7' title="bbox 122 946 1179 1027; baseline -0.002 -15"><span class='ocrx_word' id='word_1_46' title='bbox 122 949 234 1013; x_wconf 90' lang='lat' dir='ltr'>adesse</span> <span class='ocrx_word' id='word_1_47' title='bbox 253 951 287 1012; x_wconf 93' lang='lat' dir='ltr'>in</span> <span class='ocrx_word' id='word_1_48' title='bbox 306 949 426 1011; x_wconf 91' lang='lat' dir='ltr'>iudicio</span> <span class='ocrx_word' id='word_1_49' title='bbox 448 949 486 1025; x_wconf 82' lang='lat' dir='ltr'>Q.</span> <span class='ocrx_word' id='word_1_50' title='bbox 504 946 639 1009; x_wconf 89' lang='lat' dir='ltr'>Fulvius</span> <span class='ocrx_word' id='word_1_51' title='bbox 660 947 762 1010; x_wconf 88' lang='lat' dir='ltr'>frater</span> <span class='ocrx_word' id='word_1_52' title='bbox 782 953 902 1027; x_wconf 91' lang='lat' dir='ltr'>posset,</span> <span class='ocrx_word' id='word_1_53' title='bbox 919 947 1037 1010; x_wconf 89' lang='lat' dir='ltr'>florens</span> <span class='ocrx_word' id='word_1_54' title='bbox 1058 953 1179 1011; x_wconf 89' lang='lat' dir='ltr'>tumet</span> 
     </span>
     <span class='ocr_line' id='line_1_8' title="bbox 122 1046 1177 1128; baseline 0 -18"><span class='ocrx_word' id='word_1_55' title='bbox 122 1050 210 1112; x_wconf 89' lang='lat' dir='ltr'>fama</span> <span class='ocrx_word' id='word_1_56' title='bbox 224 1069 331 1112; x_wconf 91' lang='lat' dir='ltr'>rerum</span> <span class='ocrx_word' id='word_1_57' title='bbox 345 1055 511 1128; x_wconf 85' lang='lat' dir='ltr'>gestarum</span> <span class='ocrx_word' id='word_1_58' title='bbox 525 1054 558 1110; x_wconf 93' lang='lat' dir='ltr'>et</span> <span class='ocrx_word' id='word_1_59' title='bbox 573 1048 757 1127; x_wconf 90' lang='lat' dir='ltr'>propinqua</span> <span class='ocrx_word' id='word_1_60' title='bbox 772 1067 828 1127; x_wconf 91' lang='lat' dir='ltr'>spe</span> <span class='ocrx_word' id='word_1_61' title='bbox 841 1046 973 1125; x_wconf 82' lang='lat' dir='ltr'>Capuae</span> <span class='ocrx_word' id='word_1_62' title='bbox 986 1048 1177 1126; x_wconf 76' lang='lat' dir='ltr'>potiundae.</span> 
     </span>
     <span class='ocr_line' id='line_1_9' title="bbox 73 1146 1180 1228; baseline -0.003 -16"><span class='ocrx_word' id='word_1_63' title='bbox 73 1169 99 1212; x_wconf 92' lang='lat'>11</span> <span class='ocrx_word' id='word_1_64' title='bbox 122 1148 162 1210; x_wconf 96' lang='lat' dir='ltr'>Id</span> <span class='ocrx_word' id='word_1_65' title='bbox 177 1169 251 1211; x_wconf 91' lang='lat' dir='ltr'>cum</span> <span class='ocrx_word' id='word_1_66' title='bbox 265 1169 322 1228; x_wconf 91' lang='lat' dir='ltr'>per</span> <span class='ocrx_word' id='word_1_67' title='bbox 335 1149 462 1211; x_wconf 89' lang='lat' dir='ltr'>litteras</span> <span class='ocrx_word' id='word_1_68' title='bbox 478 1146 705 1209; x_wconf 80' lang='lat' dir='ltr'>miserabiliter</span> <span class='ocrx_word' id='word_1_69' title='bbox 718 1168 778 1227; x_wconf 92' lang='lat' dir='ltr'>pro</span> <span class='ocrx_word' id='word_1_70' title='bbox 792 1146 903 1209; x_wconf 87' lang='lat' dir='ltr'>fratris</span> <span class='ocrx_word' id='word_1_71' title='bbox 918 1147 1026 1226; x_wconf 91' lang='lat' dir='ltr'>capite</span> <span class='ocrx_word' id='word_1_72' title='bbox 1040 1149 1180 1226; x_wconf 90' lang='lat' dir='ltr'>scriptas</span> 
     </span>
     <span class='ocr_line' id='line_1_10' title="bbox 122 1245 1179 1326; baseline -0.002 -15"><span class='ocrx_word' id='word_1_73' title='bbox 122 1249 255 1326; x_wconf 89' lang='lat' dir='ltr'>petisset</span> <span class='ocrx_word' id='word_1_74' title='bbox 282 1248 427 1323; x_wconf 85' lang='lat' dir='ltr'>Fulvius,</span> <span class='ocrx_word' id='word_1_75' title='bbox 453 1253 692 1326; x_wconf 84' lang='lat' dir='ltr'>negassentque</span> <span class='ocrx_word' id='word_1_76' title='bbox 717 1253 828 1326; x_wconf 90' lang='lat' dir='ltr'>patres</span> <span class='ocrx_word' id='word_1_77' title='bbox 853 1266 870 1308; x_wconf 91' lang='lat' dir='ltr'>e</span> <span class='ocrx_word' id='word_1_78' title='bbox 895 1266 928 1308; x_wconf 90' lang='lat' dir='ltr'>re</span> <span class='ocrx_word' id='word_1_79' title='bbox 953 1245 1086 1325; x_wconf 91' lang='lat' dir='ltr'>publica</span> <span class='ocrx_word' id='word_1_80' title='bbox 1112 1266 1179 1310; x_wconf 90' lang='lat' dir='ltr'>esse</span> 
     </span>
     <span class='ocr_line' id='line_1_11' title="bbox 73 1344 1178 1426; baseline -0.002 -16"><span class='ocrx_word' id='word_1_81' title='bbox 73 1373 100 1417; x_wconf 85' lang='lat'>12</span> <span class='ocrx_word' id='word_1_82' title='bbox 122 1347 251 1410; x_wconf 85' lang='lat' dir='ltr'>abscedi</span> <span class='ocrx_word' id='word_1_83' title='bbox 272 1368 291 1409; x_wconf 95' lang='lat' dir='ltr'>a</span> <span class='ocrx_word' id='word_1_84' title='bbox 311 1347 434 1426; x_wconf 86' lang='lat' dir='ltr'>Capua,</span> <span class='ocrx_word' id='word_1_85' title='bbox 457 1352 634 1425; x_wconf 91' lang='lat' dir='ltr'>postquam</span> <span class='ocrx_word' id='word_1_86' title='bbox 655 1345 723 1408; x_wconf 90' lang='lat' dir='ltr'>dies</span> <span class='ocrx_word' id='word_1_87' title='bbox 745 1346 952 1409; x_wconf 89' lang='lat' dir='ltr'>comitiorum</span> <span class='ocrx_word' id='word_1_88' title='bbox 972 1344 1099 1422; x_wconf 86' lang='lat' dir='ltr'>aderat,</span> <span class='ocrx_word' id='word_1_89' title='bbox 1121 1346 1178 1409; x_wconf 90' lang='lat' dir='ltr'>Cn.</span> 
     </span>
     <span class='ocr_line' id='line_1_12' title="bbox 122 1444 1179 1526; baseline 0 -19"><span class='ocrx_word' id='word_1_90' title='bbox 122 1448 256 1509; x_wconf 89' lang='lat' dir='ltr'>Fulvius</span> <span class='ocrx_word' id='word_1_91' title='bbox 272 1446 442 1509; x_wconf 89' lang='lat' dir='ltr'>exulatum</span> <span class='ocrx_word' id='word_1_92' title='bbox 457 1446 652 1526; x_wconf 90' lang='lat' dir='ltr'>Tarquinios</span> <span class='ocrx_word' id='word_1_93' title='bbox 667 1445 760 1508; x_wconf 92' lang='lat' dir='ltr'>abiit.</span> <span class='ocrx_word' id='word_1_94' title='bbox 805 1444 845 1507; x_wconf 91' lang='lat' dir='ltr'>Id</span> <span class='ocrx_word' id='word_1_95' title='bbox 860 1446 889 1508; x_wconf 92' lang='lat' dir='ltr'>ei</span> <span class='ocrx_word' id='word_1_96' title='bbox 905 1446 1029 1508; x_wconf 91' lang='lat' dir='ltr'>iustum</span> <span class='ocrx_word' id='word_1_97' title='bbox 1045 1445 1179 1509; x_wconf 88' lang='lat' dir='ltr'>exilium</span> 
     </span>
     <span class='ocr_line' id='line_1_13' title="bbox 122 1546 417 1625; baseline -0.007 -15"><span class='ocrx_word' id='word_1_98' title='bbox 122 1567 189 1610; x_wconf 89' lang='lat' dir='ltr'>esse</span> <span class='ocrx_word' id='word_1_99' title='bbox 204 1548 300 1609; x_wconf 89' lang='lat' dir='ltr'>scivit</span> <span class='ocrx_word' id='word_1_100' title='bbox 316 1546 417 1625; x_wconf 79' lang='lat' dir='ltr'>plebs,</span> 
     </span>
     <span class='ocr_line' id='line_1_14' title="bbox 85 1645 1179 1725; baseline 0 -17"><span class='ocrx_word' id='word_1_101' title='bbox 85 1649 107 1698; x_wconf 87' lang='lat'>4</span> <span class='ocrx_word' id='word_1_102' title='bbox 164 1648 255 1709; x_wconf 90' lang='lat' dir='ltr'>Inter</span> <span class='ocrx_word' id='word_1_103' title='bbox 277 1646 356 1708; x_wconf 91' lang='lat' dir='ltr'>haec</span> <span class='ocrx_word' id='word_1_104' title='bbox 379 1647 428 1707; x_wconf 91' lang='lat' dir='ltr'>vis</span> <span class='ocrx_word' id='word_1_105' title='bbox 450 1646 555 1708; x_wconf 92' lang='lat' dir='ltr'>omnis</span> <span class='ocrx_word' id='word_1_106' title='bbox 577 1645 652 1709; x_wconf 90' lang='lat' dir='ltr'>belli</span> <span class='ocrx_word' id='word_1_107' title='bbox 675 1666 769 1708; x_wconf 88' lang='lat' dir='ltr'>versa</span> <span class='ocrx_word' id='word_1_108' title='bbox 792 1647 824 1707; x_wconf 91' lang='lat' dir='ltr'>in</span> <span class='ocrx_word' id='word_1_109' title='bbox 846 1645 994 1725; x_wconf 88' lang='lat' dir='ltr'>Capuam</span> <span class='ocrx_word' id='word_1_110' title='bbox 1009 1651 1097 1723; x_wconf 89' lang='lat' dir='ltr'>erat.;</span> <span class='ocrx_word' id='word_1_111' title='bbox 1123 1645 1179 1709; x_wconf 94' lang='lat' dir='ltr'>ob-</span> 
     </span>
     <span class='ocr_line' id='line_1_15' title="bbox 121 1746 1177 1825; baseline -0.001 -16"><span class='ocrx_word' id='word_1_112' title='bbox 121 1746 289 1809; x_wconf 91' lang='lat' dir='ltr'>sidebatur</span> <span class='ocrx_word' id='word_1_113' title='bbox 318 1753 430 1808; x_wconf 91' lang='lat' dir='ltr'>tamen</span> <span class='ocrx_word' id='word_1_114' title='bbox 459 1747 565 1808; x_wconf 91' lang='lat' dir='ltr'>acrius</span> <span class='ocrx_word' id='word_1_115' title='bbox 594 1765 694 1825; x_wconf 91' lang='lat' dir='ltr'>quam</span> <span class='ocrx_word' id='word_1_116' title='bbox 724 1746 994 1824; x_wconf 88' lang='lat' dir='ltr'>oppugnabatur;</span> <span class='ocrx_word' id='word_1_117' title='bbox 1027 1765 1088 1808; x_wconf 91' lang='lat' dir='ltr'>nec</span> <span class='ocrx_word' id='word_1_118' title='bbox 1118 1752 1177 1808; x_wconf 86' lang='lat' dir='ltr'>aut</span> 
     </span>
     <span class='ocr_line' id='line_1_16' title="bbox 27 1845 1179 1924; baseline 0.003 -20"><span class='ocrx_word' id='word_1_119' title='bbox 27 1893 31 1904; x_wconf 89' lang='lat'>.</span> <span class='ocrx_word' id='word_1_120' title='bbox 120 1848 242 1909; x_wconf 90' lang='lat' dir='ltr'>famem</span> <span class='ocrx_word' id='word_1_121' title='bbox 270 1847 407 1909; x_wconf 89' lang='lat' dir='ltr'>tolerare</span> <span class='ocrx_word' id='word_1_122' title='bbox 433 1846 566 1908; x_wconf 91' lang='lat' dir='ltr'>servitia</span> <span class='ocrx_word' id='word_1_123' title='bbox 594 1866 631 1907; x_wconf 90' lang='lat' dir='ltr'>ac</span> <span class='ocrx_word' id='word_1_124' title='bbox 659 1845 752 1924; x_wconf 93' lang='lat' dir='ltr'>plebs</span> <span class='ocrx_word' id='word_1_125' title='bbox 779 1852 932 1924; x_wconf 90' lang='lat' dir='ltr'>poterant</span> <span class='ocrx_word' id='word_1_126' title='bbox 960 1851 1018 1907; x_wconf 91' lang='lat' dir='ltr'>aut</span> <span class='ocrx_word' id='word_1_127' title='bbox 1046 1846 1179 1908; x_wconf 89' lang='lat' dir='ltr'>mittere</span> 
     </span>
     <span class='ocr_line' id='line_1_17' title="bbox 120 1944 1178 2024; baseline -0.001 -17"><span class='ocrx_word' id='word_1_128' title='bbox 120 1948 253 2009; x_wconf 92' lang='lat' dir='ltr'>nuntios</span> <span class='ocrx_word' id='word_1_129' title='bbox 281 1945 324 2007; x_wconf 90' lang='lat' dir='ltr'>ad</span> <span class='ocrx_word' id='word_1_130' title='bbox 353 1945 573 2008; x_wconf 89' lang='lat' dir='ltr'>Hannibalern</span> <span class='ocrx_word' id='word_1_131' title='bbox 601 1966 659 2024; x_wconf 92' lang='lat' dir='ltr'>per</span> <span class='ocrx_word' id='word_1_132' title='bbox 687 1944 852 2007; x_wconf 84' lang='lat' dir='ltr'>custodias</span> <span class='ocrx_word' id='word_1_133' title='bbox 880 1951 950 2008; x_wconf 91' lang='lat' dir='ltr'>tam</span> <span class='ocrx_word' id='word_1_134' title='bbox 978 1952 1078 2008; x_wconf 79' lang='lat' dir='ltr'>artae.</span> <span class='ocrx_word' id='word_1_135' title='bbox 1125 1946 1178 2007; x_wconf 89' lang='lat' dir='ltr'>In·</span> 
     </span>
     <span class='ocr_line' id='line_1_18' title="bbox 85 2045 1179 2124; baseline 0.003 -20"><span class='ocrx_word' id='word_1_136' title='bbox 85 2053 240 2109; x_wconf 79' lang='lat' dir='ltr'>aventus</span> <span class='ocrx_word' id='word_1_137' title='bbox 269 2052 318 2108; x_wconf 90' lang='lat' dir='ltr'>est</span> <span class='ocrx_word' id='word_1_138' title='bbox 349 2045 502 2120; x_wconf 86' lang='lat' dir='ltr'>Numida,</span> <span class='ocrx_word' id='word_1_139' title='bbox 534 2046 590 2124; x_wconf 92' lang='lat' dir='ltr'>qui</span> <span class='ocrx_word' id='word_1_140' title='bbox 620 2047 763 2123; x_wconf 90' lang='lat' dir='ltr'>acceptis</span> <span class='ocrx_word' id='word_1_141' title='bbox 792 2045 910 2107; x_wconf 90' lang='lat' dir='ltr'>litteris</span> <span class='ocrx_word' id='word_1_142' title='bbox 939 2064 1116 2107; x_wconf 91' lang='lat' dir='ltr'>evasurum</span> <span class='ocrx_word' id='word_1_143' title='bbox 1145 2064 1179 2108; x_wconf 89' lang='lat' dir='ltr'>se</span> 
     </span>
     <span class='ocr_line' id='line_1_19' title="bbox 120 2144 1178 2226; baseline -0.001 -18"><span class='ocrx_word' id='word_1_144' title='bbox 120 2147 282 2226; x_wconf 88' lang='lat' dir='ltr'>professus</span> <span class='ocrx_word' id='word_1_145' title='bbox 317 2151 498 2224; x_wconf 89' lang='lat' dir='ltr'>praestaret</span> <span class='ocrx_word' id='word_1_146' title='bbox 533 2146 739 2224; x_wconf 89' lang='lat' dir='ltr'>promissum.</span> <span class='ocrx_word' id='word_1_147' title='bbox 763 2185 764 2188; x_wconf 57' lang='lat'><em>=</em></span> <span class='ocrx_word' id='word_1_148' title='bbox 785 2145 847 2207; x_wconf 91' lang='lat' dir='ltr'>Per</span> <span class='ocrx_word' id='word_1_149' title='bbox 880 2144 990 2207; x_wconf 91' lang='lat' dir='ltr'>media</span> <span class='ocrx_word' id='word_1_150' title='bbox 1026 2144 1178 2208; x_wconf 87' lang='lat' dir='ltr'>Romana</span> 
     </span>
     <span class='ocr_line' id='line_1_20' title="bbox 121 2244 1177 2324; baseline -0.003 -15"><span class='ocrx_word' id='word_1_151' title='bbox 121 2253 227 2309; x_wconf 91' lang='lat' dir='ltr'>castra</span> <span class='ocrx_word' id='word_1_152' title='bbox 260 2252 356 2307; x_wconf 88' lang='lat' dir='ltr'>nocte</span> <span class='ocrx_word' id='word_1_153' title='bbox 389 2264 534 2323; x_wconf 85' lang='lat' dir='ltr'>egressus</span> <span class='ocrx_word' id='word_1_154' title='bbox 567 2265 659 2323; x_wconf 91' lang='lat' dir='ltr'>spem</span> <span class='ocrx_word' id='word_1_155' title='bbox 692 2245 842 2307; x_wconf 84' lang='lat' dir='ltr'>accendit</span> <span class='ocrx_word' id='word_1_156' title='bbox 875 2244 1062 2324; x_wconf 81' lang='lat' dir='ltr'>Campanis,</span> <span class='ocrx_word' id='word_1_157' title='bbox 1097 2245 1177 2308; x_wconf 91' lang='lat' dir='ltr'>dum</span> 
     </span>
     <span class='ocr_line' id='line_1_21' title="bbox 120 2344 1177 2426; baseline -0.002 -18"><span class='ocrx_word' id='word_1_158' title='bbox 120 2345 243 2426; x_wconf 91' lang='lat' dir='ltr'>aliquid</span> <span class='ocrx_word' id='word_1_159' title='bbox 275 2346 393 2407; x_wconf 88' lang='lat' dir='ltr'>virium</span> <span class='ocrx_word' id='word_1_160' title='bbox 425 2351 617 2423; x_wconf 80' lang='lat' dir='ltr'>superesset,</span> <span class='ocrx_word' id='word_1_161' title='bbox 649 2344 692 2406; x_wconf 94' lang='lat' dir='ltr'>ab</span> <span class='ocrx_word' id='word_1_162' title='bbox 725 2345 813 2406; x_wconf 91' lang='lat' dir='ltr'>omni</span> <span class='ocrx_word' id='word_1_163' title='bbox 846 2351 939 2423; x_wconf 90' lang='lat' dir='ltr'>parte</span> <span class='ocrx_word' id='word_1_164' title='bbox 970 2345 1177 2423; x_wconf 91' lang='lat' dir='ltr'>eruptionem</span> 
     </span>
     <span class='ocr_line' id='line_1_22' title="bbox 84 2444 1177 2525; baseline 0.003 -21"><span class='ocrx_word' id='word_1_165' title='bbox 84 2446 315 2525; x_wconf 78' lang='lat' dir='ltr'>atemptandi.</span> <span class='ocrx_word' id='word_1_166' title='bbox 360 2444 512 2507; x_wconf 88' lang='lat' dir='ltr'>Ceterum</span> <span class='ocrx_word' id='word_1_167' title='bbox 543 2445 575 2505; x_wconf 91' lang='lat' dir='ltr'>in</span> <span class='ocrx_word' id='word_1_168' title='bbox 606 2444 719 2506; x_wconf 91' lang='lat' dir='ltr'>multis</span> <span class='ocrx_word' id='word_1_169' title='bbox 750 2444 982 2506; x_wconf 86' lang='lat' dir='ltr'>certaminibus</span> <span class='ocrx_word' id='word_1_170' title='bbox 1012 2446 1177 2524; x_wconf 89' lang='lat' dir='ltr'>equestria</span> 
     </span>
     <span class='ocr_line' id='line_1_23' title="bbox 120 2544 1176 2626; baseline -0.001 -18"><span class='ocrx_word' id='word_1_171' title='bbox 120 2546 241 2626; x_wconf 90' lang='lat' dir='ltr'>proelia</span> <span class='ocrx_word' id='word_1_172' title='bbox 270 2546 370 2608; x_wconf 88' lang='lat' dir='ltr'>ferme</span> <span class='ocrx_word' id='word_1_173' title='bbox 398 2565 553 2624; x_wconf 87' lang='lat' dir='ltr'>prospera</span> <span class='ocrx_word' id='word_1_174' title='bbox 580 2544 757 2621; x_wconf 79' lang='lat' dir='ltr'>faciebant,</span> <span class='ocrx_word' id='word_1_175' title='bbox 786 2544 896 2624; x_wconf 91' lang='lat' dir='ltr'>pedite</span> <span class='ocrx_word' id='word_1_176' title='bbox 924 2544 1176 2623; x_wconf 88' lang='lat' dir='ltr'>superabantur.</span> 
     </span>
     <span class='ocr_line' id='line_1_24' title="bbox 121 2643 1177 2724; baseline -0.005 -15"><span class='ocrx_word' id='word_1_177' title='bbox 121 2647 183 2710; x_wconf 83' lang='lat' dir='ltr'>Sed</span> <span class='ocrx_word' id='word_1_178' title='bbox 209 2665 417 2724; x_wconf 89' lang='lat' dir='ltr'>nequaquam</span> <span class='ocrx_word' id='word_1_179' title='bbox 444 2651 513 2706; x_wconf 89' lang='lat' dir='ltr'>tam</span> <span class='ocrx_word' id='word_1_180' title='bbox 539 2643 663 2706; x_wconf 90' lang='lat' dir='ltr'>laetum</span> <span class='ocrx_word' id='word_1_181' title='bbox 689 2645 818 2707; x_wconf 89' lang='lat' dir='ltr'>vincere</span> <span class='ocrx_word' id='word_1_182' title='bbox 844 2664 944 2724; x_wconf 92' lang='lat' dir='ltr'>quam</span> <span class='ocrx_word' id='word_1_183' title='bbox 970 2644 1064 2707; x_wconf 91' lang='lat' dir='ltr'>triste</span> <span class='ocrx_word' id='word_1_184' title='bbox 1090 2645 1177 2707; x_wconf 91' lang='lat' dir='ltr'>vinci</span> 
     </span>
     <span class='ocr_line' id='line_1_25' title="bbox 120 2744 1175 2835; baseline 0 -28"><span class='ocrx_word' id='word_1_185' title='bbox 120 2746 185 2835; x_wconf 88' lang='lat' dir='ltr'>ulla</span> <span class='ocrx_word' id='word_1_186' title='bbox 214 2752 307 2825; x_wconf 91' lang='lat' dir='ltr'>parte</span> <span class='ocrx_word' id='word_1_187' title='bbox 335 2752 405 2807; x_wconf 89' lang='lat' dir='ltr'>erat</span> <span class='ocrx_word' id='word_1_188' title='bbox 434 2744 476 2806; x_wconf 93' lang='lat' dir='ltr'>ab</span> <span class='ocrx_word' id='word_1_189' title='bbox 505 2744 635 2807; x_wconf 90' lang='lat' dir='ltr'>obsesso</span> <span class='ocrx_word' id='word_1_190' title='bbox 663 2752 697 2807; x_wconf 92' lang='lat' dir='ltr'>et</span> <span class='ocrx_word' id='word_1_191' title='bbox 725 2765 826 2825; x_wconf 93' lang='lat' dir='ltr'>prope</span> <span class='ocrx_word' id='word_1_192' title='bbox 854 2751 1043 2824; x_wconf 83' lang='lat' dir='ltr'>expugnato</span> <span class='ocrx_word' id='word_1_193' title='bbox 1071 2744 1175 2808; x_wconf 91' lang='lat' dir='ltr'>hoste.</span> 
     </span>
     <span class='ocr_line' id='line_1_26' title="bbox 84 2838 1177 2924; baseline 0.005 -22"><span class='ocrx_word' id='word_1_194' title='bbox 84 2847 208 2909; x_wconf 74' lang='lat' dir='ltr'>cInita</span> <span class='ocrx_word' id='word_1_195' title='bbox 238 2846 373 2908; x_wconf 89' lang='lat' dir='ltr'>tandem</span> <span class='ocrx_word' id='word_1_196' title='bbox 404 2838 487 2907; x_wconf 88' lang='lat' dir='ltr'>ratio</span> <span class='ocrx_word' id='word_1_197' title='bbox 522 2851 582 2921; x_wconf 86' lang='lat' dir='ltr'>est,</span> <span class='ocrx_word' id='word_1_198' title='bbox 613 2852 652 2907; x_wconf 91' lang='lat' dir='ltr'>ut</span> <span class='ocrx_word' id='word_1_199' title='bbox 682 2845 771 2924; x_wconf 93' lang='lat' dir='ltr'>quod</span> <span class='ocrx_word' id='word_1_200' title='bbox 801 2845 925 2906; x_wconf 89' lang='lat' dir='ltr'>viribus</span> <span class='ocrx_word' id='word_1_201' title='bbox 956 2845 1068 2907; x_wconf 89' lang='lat' dir='ltr'>deerat</span> <span class='ocrx_word' id='word_1_202' title='bbox 1106 2851 1177 2907; x_wconf 88' lang='lat' dir='ltr'>arte</span> 
     </span>
     <span class='ocr_line' id='line_1_27' title="bbox 120 2944 1177 3025; baseline -0.003 -16"><span class='ocrx_word' id='word_1_203' title='bbox 120 2952 324 3025; x_wconf 90' lang='lat' dir='ltr'>aequaretur.</span> <span class='ocrx_word' id='word_1_204' title='bbox 370 2946 422 3006; x_wconf 87' lang='lat' dir='ltr'>Ex</span> <span class='ocrx_word' id='word_1_205' title='bbox 445 2945 597 3007; x_wconf 90' lang='lat' dir='ltr'>omnibus</span> <span class='ocrx_word' id='word_1_206' title='bbox 619 2944 800 3024; x_wconf 85' lang='lat' dir='ltr'>legionibus</span> <span class='ocrx_word' id='word_1_207' title='bbox 824 2944 918 3006; x_wconf 92' lang='lat' dir='ltr'>electi</span> <span class='ocrx_word' id='word_1_208' title='bbox 941 2950 1018 3006; x_wconf 89' lang='lat' dir='ltr'>sunt</span> <span class='ocrx_word' id='word_1_209' title='bbox 1043 2944 1177 3006; x_wconf 92' lang='lat' dir='ltr'>iuvenes</span> 
     </span>
     <span class='ocr_line' id='line_1_28' title="bbox 120 3044 1177 3124; baseline -0.001 -17"><span class='ocrx_word' id='word_1_210' title='bbox 120 3047 261 3108; x_wconf 83' lang='lat' dir='ltr'>maxime</span> <span class='ocrx_word' id='word_1_211' title='bbox 280 3046 389 3123; x_wconf 85' lang='lat' dir='ltr'>vigore</span> <span class='ocrx_word' id='word_1_212' title='bbox 406 3065 444 3106; x_wconf 90' lang='lat' dir='ltr'>ac</span> <span class='ocrx_word' id='word_1_213' title='bbox 462 3044 598 3106; x_wconf 89' lang='lat' dir='ltr'>levitate</span> <span class='ocrx_word' id='word_1_214' title='bbox 617 3064 788 3124; x_wconf 90' lang='lat' dir='ltr'>corporum</span> <span class='ocrx_word' id='word_1_215' title='bbox 807 3044 949 3120; x_wconf 88' lang='lat' dir='ltr'>veloces;</span> <span class='ocrx_word' id='word_1_216' title='bbox 979 3044 1024 3106; x_wconf 91' lang='lat' dir='ltr'>eis</span> <span class='ocrx_word' id='word_1_217' title='bbox 1042 3064 1177 3123; x_wconf 91' lang='lat' dir='ltr'>parmae</span> 
     </span>
     <span class='ocr_line' id='line_1_29' title="bbox 120 3145 1177 3224; baseline -0.002 -16"><span class='ocrx_word' id='word_1_218' title='bbox 120 3146 282 3208; x_wconf 89' lang='lat' dir='ltr'>breviores</span> <span class='ocrx_word' id='word_1_219' title='bbox 312 3165 412 3224; x_wconf 91' lang='lat' dir='ltr'>quam</span> <span class='ocrx_word' id='word_1_220' title='bbox 441 3151 607 3224; x_wconf 89' lang='lat' dir='ltr'>equestres</span> <span class='ocrx_word' id='word_1_221' title='bbox 635 3151 669 3207; x_wconf 91' lang='lat' dir='ltr'>et</span> <span class='ocrx_word' id='word_1_222' title='bbox 698 3151 834 3223; x_wconf 90' lang='lat' dir='ltr'>septena</span> <span class='ocrx_word' id='word_1_223' title='bbox 864 3145 968 3205; x_wconf 89' lang='lat' dir='ltr'>iacula</span> <span class='ocrx_word' id='word_1_224' title='bbox 999 3151 1177 3222; x_wconf 90' lang='lat' dir='ltr'>quaternos</span> 
     </span>
     <span class='ocr_line' id='line_1_30' title="bbox 119 3243 1177 3324; baseline -0.003 -17"><span class='ocrx_word' id='word_1_225' title='bbox 119 3246 215 3324; x_wconf 87' lang='lat' dir='ltr'>longa</span> <span class='ocrx_word' id='word_1_226' title='bbox 237 3245 335 3324; x_wconf 91' lang='lat' dir='ltr'>pedes</span> <span class='ocrx_word' id='word_1_227' title='bbox 357 3245 435 3307; x_wconf 89' lang='lat' dir='ltr'>data</span> <span class='ocrx_word' id='word_1_228' title='bbox 457 3244 602 3323; x_wconf 89' lang='lat' dir='ltr'>praefixa</span> <span class='ocrx_word' id='word_1_229' title='bbox 624 3244 718 3320; x_wconf 88' lang='lat' dir='ltr'>ferro,</span> <span class='ocrx_word' id='word_1_230' title='bbox 742 3243 838 3323; x_wconf 90' lang='lat' dir='ltr'>quale</span> <span class='ocrx_word' id='word_1_231' title='bbox 860 3243 962 3305; x_wconf 92' lang='lat' dir='ltr'>hastis</span> <span class='ocrx_word' id='word_1_232' title='bbox 984 3244 1177 3306; x_wconf 89' lang='lat' dir='ltr'>velitaribus</span> 
     </span>
     <span class='ocr_line' id='line_1_31' title="bbox 84 3339 1176 3423; baseline -0.002 -17"><span class='ocrx_word' id='word_1_233' title='bbox 84 3347 213 3408; x_wconf 77' lang='lat' dir='ltr'>oinest.</span> <span class='ocrx_word' id='word_1_234' title='bbox 259 3345 324 3406; x_wconf 87' lang='lat' dir='ltr'>Eos</span> <span class='ocrx_word' id='word_1_235' title='bbox 353 3344 496 3422; x_wconf 88' lang='lat' dir='ltr'>singulos</span> <span class='ocrx_word' id='word_1_236' title='bbox 525 3345 558 3405; x_wconf 91' lang='lat' dir='ltr'>in</span> <span class='ocrx_word' id='word_1_237' title='bbox 588 3358 689 3423; x_wconf 90' lang='lat' dir='ltr'>equos</span> <span class='ocrx_word' id='word_1_238' title='bbox 719 3363 794 3405; x_wconf 89' lang='lat' dir='ltr'>suos</span> <span class='ocrx_word' id='word_1_239' title='bbox 824 3344 1019 3421; x_wconf 88' lang='lat' dir='ltr'>accipientes</span> <span class='ocrx_word' id='word_1_240' title='bbox 1049 3339 1176 3422; x_wconf 90' lang='lat' dir='ltr'>equites</span> 
     </span>
     <span class='ocr_line' id='line_1_32' title="bbox 120 3443 1174 3522; baseline -0.006 -14"><span class='ocrx_word' id='word_1_241' title='bbox 120 3446 367 3508; x_wconf 89' lang='lat' dir='ltr'>adsuefecerunt</span> <span class='ocrx_word' id='word_1_242' title='bbox 397 3452 430 3505; x_wconf 95' lang='lat' dir='ltr'>et</span> <span class='ocrx_word' id='word_1_243' title='bbox 462 3443 536 3505; x_wconf 89' lang='lat' dir='ltr'>vehi</span> <span class='ocrx_word' id='word_1_244' title='bbox 566 3450 641 3522; x_wconf 90' lang='lat' dir='ltr'>post</span> <span class='ocrx_word' id='word_1_245' title='bbox 671 3463 740 3506; x_wconf 88' lang='lat' dir='ltr'>sese</span> <span class='ocrx_word' id='word_1_246' title='bbox 763 3449 802 3504; x_wconf 91' lang='lat' dir='ltr'>et</span> <span class='ocrx_word' id='word_1_247' title='bbox 834 3443 960 3504; x_wconf 89' lang='lat' dir='ltr'>desilire</span> <span class='ocrx_word' id='word_1_248' title='bbox 990 3443 1174 3520; x_wconf 89' lang='lat' dir='ltr'>perniciter,</span> 
     </span>
     <span class='ocr_line' id='line_1_33' title="bbox 83 3542 1176 3622; baseline -0.001 -18"><span class='ocrx_word' id='word_1_249' title='bbox 83 3546 175 3608; x_wconf 81' lang='lat' dir='ltr'>cubi</span> <span class='ocrx_word' id='word_1_250' title='bbox 212 3545 328 3606; x_wconf 89' lang='lat' dir='ltr'>datum</span> <span class='ocrx_word' id='word_1_251' title='bbox 364 3544 492 3622; x_wconf 83' lang='lat' dir='ltr'>signum</span> <span class='ocrx_word' id='word_1_252' title='bbox 528 3548 623 3605; x_wconf 89' lang='lat' dir='ltr'>esset.</span> <span class='ocrx_word' id='word_1_253' title='bbox 669 3542 709 3605; x_wconf 93' lang='lat' dir='ltr'>Id</span> <span class='ocrx_word' id='word_1_254' title='bbox 745 3549 922 3622; x_wconf 89' lang='lat' dir='ltr'>postquam</span> <span class='ocrx_word' id='word_1_255' title='bbox 959 3542 1176 3604; x_wconf 87' lang='lat' dir='ltr'>adsuetudine</span> 
     </span>
    </p>
   </div>
   <div class='ocr_carea' id='block_1_3' title="bbox 0 0 1252 3908">
    <p class='ocr_par' dir='ltr' id='par_1_3' title="bbox 0 0 1252 3908">
     <span class='ocr_line' id='line_1_34' title="bbox 0 0 1252 3908; baseline 0 1"><span class='ocrx_word' id='word_1_256' title='bbox 0 0 1252 3908; x_wconf 95' lang='lat' dir='ltr'> </span> 
     </span>
    </p>
   </div>
  </div>
 </body>
</html>
