2496 3908
151 231 192 295 60
634 239 725 290 rrvr
1021 240 1193 306 [soonam

150 415 321 493 superbiae
344 414 470 477 editum
494 415 527 475 in
551 415 684 477 miseros
707 413 895 492 exemplum
917 421 977 476 est.
1024 414 1097 477 Hae
1119 416 1196 477 fuere

83 469 108 561 Ἴ(
150 513 305 576 hibernae
320 515 544 593 expeditiones
561 513 766 575 Hannibalis.

100 631 143 680 58
195 615 294 676 Haud
321 614 408 691 longi
435 614 511 676 inde
539 614 705 692 temporie,
735 614 814 675 dum
842 614 1061 677 intolerabilia
1089 615 1198 694 frigora

115 733 129 776 2
150 721 255 790 erant,
276 714 367 793 quies
387 713 482 775 militi
502 714 581 775 data
601 719 666 789 est;
698 719 731 775 et
751 713 794 775 ad
814 714 919 791 prima
938 734 976 775 ac
996 715 1099 776 dubia
1117 715 1199 793 signa

150 815 233 876 veris
255 815 420 893 profectus
441 833 482 875 ex
502 811 645 874 hibernis
666 813 699 873 in
721 813 889 874 Etruriam
909 813 1012 892 ducit,
1033 834 1109 877 eam
1130 834 1199 894 quo

149 933 212 993 que
234 920 375 991 gentem,
399 913 484 974 sieut
507 912 617 974 Gallos
640 913 848 991 Liguresque,
872 919 931 976 aut
954 913 987 974 vi
1010 920 1070 976 aut
1094 915 1200 976 volun·

114 1019 219 1076 atate
236 1013 460 1075 adiuncturus
504 1011 743 1074 Transeuntem
760 1011 934 1091 Appennin
1011 1013 1095 1089 adeo
1112 1020 1200 1076 atrox
1239 1020 1241 1027 '

148 1113 265 1175 adorta
287 1118 466 1191 tempestas
487 1117 537 1173 est
559 1118 596 1173 ut
619 1111 752 1190 Alpium
774 1131 874 1190 prope
895 1032 1093 1175 foffiiiim
1114 1110 1236 1225 suffigi

149 1213 279 1275 raverit.
324 1214 431 1274 Vento
455 1212 579 1273 mixtus
602 1211 706 1274 imber
729 1232 803 1273 oum
826 1186 1021 1274 ferretffin
1044 1213 1117 1291 ipsa
1139 1233 1199 1288 ora,

148 1313 263 1391 primo,
289 1312 373 1415 quia
390 1318 448 1374 aut
474 1331 565 1372 arma
590 1311 778 1421 omittenda
798 1330 833 1373 er
854 1318 892 1374 nt
917 1317 975 1373 aut
1001 1318 1119 1375 contra
1141 1313 1201 1377 eni-

112 1418 255 1475 4tentes
289 1391 410 1474 veitice
444 1411 559 1473 intorti
593 1374 778 1489 dddigeban
797 1388 844 1486 dr,
881 1400 1073 1490 eonstitere;
1122 1413 1199 1488 dein,

148 1533 222 1574 cum
252 1512 318 1573 iam
348 1512 500 1589 spiritum
530 1511 710 1574 includeret
740 1531 799 1574 nec
830 1511 1030 1590 reciprocare
1060 1513 1201 1575 animam

111 1629 125 1673 5
146 1613 276 1688 sineret,
300 1612 405 1674 aversi
428 1632 447 1673 a
470 1616 570 1673 vento
594 1630 769 1690 parumper
792 1612 974 1675 consedere.
1019 1612 1108 1674 Tum
1130 1631 1183 1676 ver
1209 1610 1231 1687 ,4

146 1712 269 1790 ingenti
291 1732 370 1774 sono
393 1710 518 1773 eaelum
539 1717 681 1788 strepere
702 1718 735 1773 et
756 1711 842 1773 inter
861 1711 1040 1774 horrendos
1061 1632 1215 1792 fragon}

146 1812 265 1873 micare
289 1812 378 1888 ignes
386 1831 394 1887 ;
432 1810 519 1888 capti
544 1810 678 1871 auribus
702 1817 735 1872 et
759 1811 861 1872 oculis
885 1817 977 1873 metu
1001 1830 1116 1874 omnes
1140 1819 1201 1875 tor-

110 1929 231 1991 opere.
276 1911 423 1972 Tandem
445 1910 548 1972 effuso
571 1909 685 1985 imbre,
711 1930 793 1996 oum.
807 1931 846 2005 eo
868 1911 955 1988 magi
995 1931 1134 1974 accensa
1155 1911 1201 1974 vis

146 2011 237 2073 venti
266 2017 360 2084 esset,
391 2009 461 2087 ipso
491 2009 555 2084 illo,
587 2029 652 2087 quo
682 1983 964 2088 dedieiiiissraii,
995 2009 1067 2072 loco
1098 2018 1201 2075 castra

111 2127 124 2172 τ
146 2130 264 2189 ponere
284 2109 502 2171 necessarium
522 2109 629 2170 visum
649 2115 709 2170 est.
754 2109 794 2170 Id
814 2129 891 2170 vero
911 2109 1032 2171 laboris
1052 2111 1145 2174 velut
1165 2111 1201 2174 de

145 2211 271 2287 integro
297 2209 428 2271 initium
451 2209 532 2270 fuit:
568 2228 646 2268 nam
671 2228 729 2270 neo
754 2208 916 2287 explicare
941 2210 1123 2289 quicquam
1146 2231 1201 2275 nec

145 2316 290 2372 statuere
319 2315 472 2387 poterant
500 2328 569 2381 neo,
599 2308 689 2386 quod
716 2306 882 2369 statutum
910 2316 1005 2385 esset,
1035 2310 1201 2386 manebat,

112 2411 255 2472 somnia
285 2409 510 2488 perscindente
539 2415 639 2469 vento
669 2415 702 2469 et
733 2409 889 2487 rapiente.
935 2409 979 2470 Et
1009 2430 1088 2472 mox
1118 2430 1201 2491 aqua

145 2511 255 2572 levata
280 2515 390 2582 vent0,
416 2527 490 2568 oum
514 2527 611 2586 super
634 2507 740 2584 gelida
765 2507 928 2570 montium
951 2508 1027 2586 iuga
1052 2516 1201 2574 concreta

145 2617 240 2685 esset,
258 2615 391 2671 tantum
412 2608 546 2669 nivosae
566 2607 733 2695 grandinis
744 2607 866 2695 „dfilflssii
883 2614 921 2669 ut
938 2608 1091 2670 omnibus
1108 2610 1201 2672 omis-

145 2710 187 2769 sis
209 2707 459 2788 procumberent
485 2705 632 2768 homines
662 2688 860 2784 tegminibus
881 2708 947 2768 suis
969 2708 1072 2785 magis
1094 2709 1200 2772 obruti

111 2826 126 2870 9
146 2825 245 2883 quam
266 2803 361 2879 teeti;
394 2808 555 2880 tantaque
575 2802 624 2862 vis
644 2802 772 2880 frigoris
791 2803 939 2886 insecuta
959 2809 1009 2865 est
1029 2809 1068 2865 ut
1088 2824 1131 2867 ex
1149 2805 1201 2866 illa

146 2902 320 2966 miserabili
341 2901 511 2963 hominum
531 2902 818 2980 iumentorumque
829 2873 946 2979 ‘ttffsge
968 2923 1046 2964 oum>
1062 2923 1097 2966 se
1118 2904 1201 2984 quis·

146 3024 209 3083 que
234 3002 383 3065 attollere
408 3022 445 3062 ao
470 3001 578 3063 levare
595 3001 703 3076 vellet,
723 3001 778 3063 diu
798 3002 958 3079 nequiret,
977 3002 1055 3080 quia
1072 3009 1201 3082 torpen-

108 3125 136 3169 10
145 3104 234 3166 tibus
250 3103 352 3180 rigore
364 3101 471 3163 nervis
487 3102 543 3160 vix
555 3100 683 3162 flectere
699 3105 790 3162 artus
806 3107 969 3178 poterant.
1015 3101 1152 3178 Deinde,
1165 3107 1201 3164 ut

145 3204 280 3266 tandem
313 3200 469 3278 agitando
502 3220 570 3261 sese
604 3219 733 3261 movere
767 3219 804 3260 ae
837 3200 977 3278 recipere
1009 3201 1138 3263 animos
1169 3206 1200 3264 et

145 3303 224 3363 raris
245 3301 322 3362 loeis
343 3301 425 3378 ignis
446 3300 513 3361 fieri
534 3305 584 3360 est
607 3306 751 3376 coeptus
774 3299 816 3360 ad
837 3298 978 3360 alienam
998 3320 1096 3378 opem
1117 3301 1201 3381 quis·

107 3423 133 3467 11
145 3422 208 3482 que
230 3403 324 3479 inops
346 3400 488 3462 tendere.
535 3398 678 3459 Biduum
700 3418 738 3459 eo
761 3398 831 3459 loco
853 3398 944 3460 velut
967 3398 1089 3461 obsessi
1112 3419 1201 3461 man·

144 3522 223 3566 sere.
268 3500 363 3563 Multi
386 3498 544 3574 homines,
570 3497 675 3559 multa
699 3497 855 3572 iumenta,
880 3497 1048 3576 elephanti
1071 3517 1200 3580 quoquo
