2496 3908
57 248 142 303 1111».
157 247 214 313 ao]
461 263 464 267 <
544 245 634 296 arvr
1052 234 1115 299 133

56 422 190 502 quando
229 422 363 486 fortuna
403 421 548 484 adfulsit.
594 421 717 499 Quodsi
757 423 791 483 in
830 422 980 486 secundis
1020 421 1115 485 rebus
1135 441 1164 490 16

56 524 178 585 bonam
200 542 332 602 quoque
353 529 499 585 mentem
521 522 637 584 darent
659 522 721 598 dei,
744 542 870 584 norrea
892 523 1007 599 solum,
1030 542 1115 602 quae

55 625 251 698 evenissent,
271 622 327 685 sed
346 623 448 684 etiam
465 642 514 698 ea,
534 642 619 701 quae
637 623 767 684 evenire
784 629 928 701 possent,
948 629 1114 702 reputare-
1141 695 1145 700 ,

55 743 139 786 mus.
185 724 231 786 Ut
256 723 403 785 omnium
428 722 629 784 obliviscaris
653 722 801 798 aliorum,
827 723 908 784 satis
932 742 991 801 ego
1016 721 1113 785 docu-

55 823 159 886 menti
187 822 220 884 111
248 842 361 884 omnes
389 841 483 884 casus
510 841 593 898 sum,
623 834 731 902 quem,
761 820 859 884 modo
888 823 1002 885 castris
1029 823 1161 891 11111111

55 924 215 986 Anienem
238 929 339 1002 atque
361 923 477 985 urbem
500 928 645 985 vestram
668 922 783 1000 positis
806 922 897 1001 signa
920 923 1113 985 inferentem

54 1044 93 1086 ac
120 1024 186 1085 iam
212 1043 313 1103 prope
339 1023 552 1085 scandentem
579 1022 708 1084 moenia
735 1022 896 1098 Romana,
924 1021 975 1084 hic
1002 1042 1113 1085 cernas

55 1123 185 1185 duobus
201 1122 369 1198 fratribus,
388 1122 573 1184 fortissimis
600 1122 688 1198 viris,
708 1121 893 1184 clarissimis
910 1122 1112 1201 imperatori-

54 1223 117 1285 bus
135 1223 290 1285 orbatum
307 1229 385 1284 ante
403 1223 532 1285 moenia
550 1241 652 1301 prope
670 1220 820 1284 obsessae
837 1221 974 1301 patriae,
993 1221 1113 1301 quibus

55 1323 156 1385 terrui
170 1329 315 1386 vestram
324 1322 449 1398 urbem,
460 1342 499 1384 ea
512 1341 572 1401 pro
586 1341 659 1383 mea
673 1321 913 1401 deprecantem.
950 1321 1112 1384 Maximae
1132 1337 1162 1383 18

55 1423 172 1502 cuique
199 1423 352 1484 fortunae
379 1422 514 1484 minime
529 1421 726 1484 credendum
754 1427 813 1484 est.
859 1422 898 1482 In
925 1412 1020 1483 bonis
1047 1422 1113 1484 tuis

55 1522 161 1597 rebus,
177 1522 298 1583 nostris
312 1521 430 1598 dubiis,
447 1520 508 1585 tibi
523 1521 633 1601 ampla
649 1541 687 1583 ac
702 1521 846 1600 speciosa
862 1520 956 1583 danti
970 1527 1020 1583 111
1034 1541 1111 1601 pax,

54 1622 149 1683 nobis
166 1621 355 1700 petentibus
372 1622 476 1700 magis
492 1622 672 1684 necessaria
690 1641 791 1700 quam
808 1620 955 1683 honesta.
1000 1621 1113 1683 Melior
1133 1638 1163 1684 19

56 1722 223 1800 tutiorque
244 1728 294 1784 est
317 1729 404 1784 certa
427 1741 495 1800 pax
515 1741 616 1800 quam
638 1727 769 1800 sperata
791 1721 944 1797 victoria;
978 1720 1057 1784 haec
1079 1722 1112 1783 in

55 1826 125 1896 tua,
139 1821 193 1882 illa
207 1821 240 1881 in
253 1820 389 1883 deorum
401 1841 503 1883 manu
515 1826 575 1883 est.
621 1821 670 1882 Ne
683 1827 735 1882 tot
748 1840 909 1882 annorum
921 1819 1113 1884 felicitatem

56 1921 90 1980 in
112 1921 209 1982 unius
230 1921 329 1982 horae
352 1920 478 1982 dederis
501 1921 690 1996 discrimem
726 1940 800 1982 cum
824 1926 898 1982 tuas
921 1921 1015 1997 vires,
1039 1927 1111 1983 tum
1132 1936 1162 1981 1ο

41 2020 124 2091 ¹vim
136 2020 288 2082 fortunae
302 2020 507 2105 Martemque
520 2020 595 2082 belli
610 2039 818 2082 communem
831 2039 976 2098 propone
990 2021 1110 2083 animo.
1224 2004 1229 2013 ⁸

56 2120 229 2199 Utrimque
266 2121 398 2196 ferrum,
437 2120 604 2199 utrimque
643 2139 777 2199 corpora
816 2119 960 2181 humana
998 2126 1110 2197 erunt;

55 2238 219 2297 nusquam
255 2220 363 2281 minus
399 2240 500 2299 quam
537 2220 570 2280 in
606 2219 691 2282 bello
728 2225 867 2282 eventus
903 2219 1109 2298 respondent.

56 2319 130 2380 Non
150 2324 282 2380 tantum
302 2319 344 2380 ad
364 2318 407 2394 id,
428 2319 517 2399 quod
537 2319 616 2381 data
636 2339 717 2398 pace
736 2320 802 2380 iam
822 2318 941 2381 habere
961 2325 1063 2398 potes,
1084 2321 1110 2382 si
1131 2338 1159 2382 11

55 2417 178 2498 proelio
202 2419 324 2495 vincas,
350 2418 470 2497 gloriae
494 2418 658 2495 adieceris,
685 2425 848 2498 quantum
873 2419 1058 2498 dempseris,
1084 2421 1111 2481 si

55 2517 135 2598 quid
165 2517 293 2579 adversi
321 2520 463 2580 eveniat.
509 2518 610 2582 Simul
640 2525 738 2598 parta
767 2539 805 2580 ac
834 2524 964 2598 sperata
994 2518 1110 2581 decora

54 2618 151 2679 unius
182 2617 280 2680 horae
309 2618 442 2680 fortuna
474 2624 619 2680 evertere
650 2624 770 2696 potest.
816 2618 934 2680 Omnia
965 2618 999 2679 in
1029 2639 1109 2697 pace
1130 2637 1159 2681 11

55 2716 217 2795 iungenda
241 2723 318 2779 tuae
341 2718 515 2796 potestatis
538 2724 626 2793 sunt,
651 2719 687 2779 P.
712 2718 854 2795 Corneli;
890 2724 969 2780 tunc
992 2737 1030 2780 11
1053 2717 1109 2780 ha-

54 2815 162 2878 benda
196 2817 328 2878 fortuna
363 2818 434 2893 erit,
471 2837 571 2897 quarn
606 2818 638 2880 di
674 2817 833 2880 dederint.
879 2819 971 2880 Inter
1004 2837 1109 2896 pauca
1130 2833 1159 2878 13

54 2916 221 2978 felicitatis
251 2917 449 2997 virtutisque
477 2917 627 2996 exempla
657 2918 700 2980 M.
732 2918 850 2980 Atilius
880 2917 1047 2997 quondam
1076 2918 1110 2978 in

55 3015 116 3077 hac
150 3015 265 3078 eadem
299 3022 385 3078 terra
420 3017 544 3093 fuisset,
580 3018 607 3079 si
642 3018 748 3079 victor
773 3037 887 3097 pacem
921 3017 1109 3097 petentibus

55 3115 197 3177 dedisset
227 3117 377 3194 patribus
407 3118 541 3194 nostris;
572 3117 628 3180 sed
658 3137 725 3178 non
754 3116 931 3189 statuendo
960 3117 1108 3179 felicitati

55 3214 191 3277 modum
216 3235 274 3277 nec
301 3216 481 3278 cohibendo
507 3217 695 3279 efferentem
721 3236 754 3279 se
779 3217 956 3293 fortunam,
983 3223 1108 3296 quanto

54 3315 153 3377 altius
173 3314 278 3378 elatus
298 3321 378 3391 erat,
401 3336 438 3378 eo
459 3316 585 3378 foedius
607 3317 737 3379 corruit.
783 3316 843 3378 Est
871 3316 1003 3395 quidem
1029 3316 1107 3392 eius,
1128 3335 1158 3379 11

55 3415 111 3492 qui
140 3414 208 3490 dat,
238 3435 304 3476 non
332 3415 388 3494 qui
417 3417 511 3494 petit,
542 3416 746 3478 condiciones
775 3415 879 3478 dicero
907 3416 1012 3495 pacis,·
1052 3416 1108 3478 sed

55 3514 193 3575 forsitan
222 3535 288 3576 non
315 3515 439 3593 indigni
467 3516 577 3591 simus,
606 3516 663 3595 qui
690 3515 853 3577 nobismet
881 3515 942 3595 ipsi
969 3515 1112 3576 multam

1150 3636 1180 3680 ,ι
