2496 3908
57 267 160 316 oum.
174 268 216 327 41,
230 267 288 333 aa]
539 266 628 315 urvr
1007 238 1012 251 '
1050 253 1112 318 117

57 444 101 508 ab
126 451 218 523 tergo
242 443 376 506 auditus
400 449 537 520 metum,
563 463 603 506 ne
628 443 921 506 intercluderentur
944 463 963 505 a
990 444 1113 520 castris,

57 545 230 608 iniecisset.
276 544 357 606 Inde
370 563 475 622 pavor
486 544 633 605 incussus
645 549 679 606 et
691 543 769 622 iuga
781 543 903 623 passim
916 543 984 606 fieri
999 550 1114 622 coepta
1134 557 1148 601 s

57 651 118 708 est.
164 645 335 723 Minorque
356 643 470 706 caedes
490 643 564 718 fuit,
586 643 663 722 quia
684 643 912 722 propinquitas
934 650 1114 706 castrorum

57 745 242 808 breviorem
273 744 386 822 fugam
418 742 572 822 perculsis
603 743 690 805 fecit.
736 743 872 822 Equites
904 745 991 806 enim
1023 752 1114 823 tergo

57 844 289 920 inhaerebant;
332 843 365 904 in
397 849 582 905 transversa
613 842 715 904 latera
746 843 934 906 invaserant
967 845 1148 907 cohortesc

57 944 209 1008 secundis
231 943 365 1005 collibus
387 943 441 1004 via
456 942 545 1004 nuda
560 963 598 1004 ac
619 942 706 1004 facili
728 943 945 1006 decurrentes.
990 945 1114 1007 Tamen
1133 955 1147 1002 t

57 1065 157 1124 supra
169 1051 244 1106 octo
256 1043 344 1105 milia
357 1043 526 1104 hominum
538 1043 653 1117 occisa,
665 1062 763 1121 supra
774 1044 999 1122 septingentos
1010 1045 1097 1124 capti
1104 1065 1112 1121 ;

57 1145 149 1223 signa
165 1143 319 1204 militaria
335 1162 454 1204 novem
469 1142 640 1221 adempta;
667 1142 832 1220 elephanti
847 1143 958 1221 etiam,
975 1164 1114 1224 quorum

57 1244 166 1306 nullus
192 1263 270 1305 usus
297 1243 330 1303 in
357 1243 526 1321 repentina
553 1262 591 1303 ac
618 1242 832 1304 tumultuaria
859 1263 968 1323 pugna
994 1244 1112 1320 fuerat,

57 1349 219 1424 quattuor
231 1342 337 1418 occisi,
352 1342 418 1404 duo
432 1341 530 1420 capti.
575 1342 666 1404 Circa
680 1343 875 1421 quingentos
889 1343 1113 1407 Romanorum
1133 1355 1148 1400 8

56 1445 285 1522 sociorumque
318 1442 459 1504 victores
493 1442 688 1505 ceciderunt.
732 1443 867 1505 Postero
901 1444 953 1507 die
986 1446 1114 1508 Poenus

57 1544 199 1624 quievit;
245 1542 415 1604 Romanus
446 1543 480 1603 in
511 1542 614 1604 aciem
648 1543 747 1621 copiis
779 1543 905 1606 eductis
936 1550 1114 1625 postquam

57 1644 222 1706 neminem
242 1643 334 1721 signa
356 1648 469 1704 contra
490 1642 603 1704 efferre
623 1642 718 1718 vidit,
740 1643 843 1721 spolia
864 1643 925 1722 legi
948 1665 1112 1707 caesorum

57 1743 205 1806 hostium
235 1748 270 1805 et
300 1761 434 1804 suorum
471 1761 605 1820 corpora
643 1742 761 1804 collata
792 1743 824 1803 in
855 1763 958 1805 unum
989 1745 1114 1824 sepeliri

57 1844 162 1906 iussit.
208 1842 290 1904 Inde
315 1842 561 1920 insequentibus
588 1842 750 1904 continuis
776 1842 890 1905 diebus
916 1844 1042 1923 aliquot
1068 1846 1114 1908 ita
1135 1863 1150 1907 a

57 1943 180 2005 institit
196 1943 309 2020 portis,
326 1948 364 2004 ut
379 1962 480 2021 prope
496 1941 612 2003 inferre
622 1942 713 2019 signa
725 1942 900 2019 videretur,
914 1944 1016 2007 donec
1025 1945 1114 2007 Han·
1137 1961 1164 2005 10

56 2043 146 2106 nibal
170 2043 267 2104 tertia
289 2042 399 2120 vigilia
423 2041 540 2103 crebris
562 2042 690 2119 ignibus
713 2041 1006 2123 tabernaculisque,
1030 2065 1115 2125 quae

57 2163 134 2222 pars
159 2148 340 2204 castrorum
364 2141 407 2202 ad
431 2141 541 2203 hostes
565 2141 731 2220 vergebat,
757 2148 790 2204 et
816 2142 967 2205 Numidis
991 2145 1114 2222 paucis,

57 2244 114 2324 qui
146 2243 180 2303 in
211 2241 297 2303 vallo
327 2241 496 2320 portisque
526 2260 560 2303 se
590 2241 810 2318 ostenderent,
842 2243 963 2305 relictis*
991 2244 1115 2322 proiec-

58 2351 112 2406 tus
131 2341 287 2420 Apuliam
304 2347 415 2419 petere
433 2341 585 2402 intendit.
637 2340 702 2402 Ubi
726 2341 843 2418 illuxit,
857 2344 1010 2406 successit
1029 2345 1115 2407 vallo
1136 2352 1163 2396 11

57 2444 212 2506 Romana
240 2441 334 2516 acies,
363 2447 396 2502 et
425 2440 587 2502 Numidae
615 2461 656 2502 ex
684 2442 864 2520 composito
891 2443 1055 2522 paulisper
1082 2445 1115 2505 in

57 2543 163 2623 portis
191 2560 226 2603 se
254 2540 406 2618 valloque
435 2547 642 2603 ostentavere
670 2540 884 2621 frustratique
913 2543 1115 2622 aliquamdiu

58 2643 170 2704 hostes
190 2640 299 2702 citatis
317 2641 409 2719 equis
427 2660 544 2717 agmen
563 2660 696 2702 suorum
715 2641 951 2720 adsequuntur.
995 2643 1115 2706 Consul
1136 2650 1165 2694 12

58 2742 115 2804 ubi
136 2740 303 2802 silentium
323 2740 357 2800 in
378 2740 492 2801 castris
512 2746 545 2801 et
566 2759 606 2802 ne
626 2760 748 2818 paucos
768 2742 911 2820 quidem,
933 2744 989 2822 qui
1009 2745 1114 2822 prima
1220 2785 1223 2789 .

58 2842 129 2903 luce
148 2839 454 2914 obambulaverant,
472 2846 567 2918 parte
585 2841 650 2902 ulla
670 2841 832 2917 cernebat,
852 2842 980 2904 duobus
998 2845 1115 2923 equiti-

59 2941 120 3003 bus
139 2940 346 3018 speculatum
364 2940 397 3000 in
417 2945 524 3001 castra
542 2940 728 3020 praemissis
746 2947 924 3020 postquam
941 2943 1022 3005 satis
1040 2950 1115 3006 tuta

60 3040 169 3102 omnia
182 3058 250 3101 esse
263 3038 470 3117 exploratum
482 3045 543 3113 est,
557 3038 668 3099 inferri
680 3040 772 3117 signa
784 3040 877 3102 iussit
885 3061 893 3117 ;
918 3047 1115 3122 tantumque
1137 3060 1165 3105 13

59 3140 104 3202 ibi
120 3145 278 3214 moratus,
296 3138 376 3199 dum
391 3138 511 3200 milites
527 3139 569 3200 ad
585 3137 742 3217 praedam
758 3138 954 3216 discurrunt,
972 3145 1115 3221 receptui

59 3238 177 3302 deinde
206 3238 322 3300 cecinit
350 3238 521 3316 multoque
556 3244 633 3300 ante
666 3245 797 3301 noctem
832 3241 940 3318 copias
973 3242 1113 3305 reduxit.
1137 3258 1165 3302 14

60 3340 195 3401 Postero
233 3339 284 3400 die
320 3338 391 3400 luce
428 3339 532 3416 prima
570 3338 745 3416 profectus
779 3330 909 3417 ¹magnis
946 3340 1116 3404 itineribus

60 3435 184 3497 famam
204 3441 237 3496 et
258 3434 396 3512 vestigia
417 3433 555 3511 agminis
575 3452 713 3512 sequens
733 3433 821 3495 haud
842 3434 952 3513 procul
974 3436 1115 3499 Venusia

61 3533 188 3597 hostem
206 3533 408 3612 adsequitur.
454 3532 505 3593 Ibi
524 3550 655 3612 quoque
673 3532 889 3595 tumultuaria
901 3553 1019 3613 ¹pugna
1035 3535 1121 3611 fuit,
1137 3544 1168 3588 1⁶
