2496 3908
62 340 64 347 Ι
121 257 161 320 86
605 267 694 318 mvi
979 268 1076 334 [soon
1091 270 1181 324 xxu

85 452 100 498 8
120 448 290 518 steterant,
317 443 525 523 aliquantum
550 444 754 523 prominente
779 444 858 508 acie.
904 445 967 521 Qui
994 466 1119 510 cuneus
1143 454 1182 511 ut

120 541 231 621 pulsus
260 544 416 622 aequavit
444 544 588 607 frontem
616 544 768 623 primum,
798 545 874 608 dein
903 545 1049 609 cedendo
1078 547 1182 610 etiam

120 642 227 704 sinum
252 643 286 703 in
312 643 418 705 medio
445 643 546 719 dedit,
573 643 643 704 Afri
670 645 754 706 circa
779 645 846 706 iam
873 664 994 707 cornua
1020 646 1180 723 fecerant,

120 742 382 822 irruentibusque
399 743 530 806 incaute
547 744 580 805 in
597 743 742 806 medium
760 744 919 806 Romanis
937 745 1182 810 circumdedere

120 841 198 917 alas,
218 863 295 904 mox
314 862 434 904 cornua
451 844 660 906 extendendo
679 843 821 915 clausere
838 850 872 906 et
891 843 933 905 ab
952 851 1045 923 tergo
1064 845 1180 909 hostie.

85 951 100 995 9
121 942 206 1004 Hine
232 942 374 1004 Romani
401 942 546 1005 defuncti
572 943 774 1022 nequiquam
799 943 921 1023 proelio
947 963 1024 1020 unc,
1052 946 1182 1008 omissis

120 1041 220 1103 Gallis
249 1042 479 1121 Hispanisque,
509 1062 649 1121 quorum
677 1050 768 1121 terga
798 1042 991 1118 ceciderant,
1021 1044 1182 1107 adversus

72 1149 99 1193 1⁰
121 1140 216 1202 Afros
234 1142 396 1220 integram
415 1161 560 1220 pugnam
578 1142 703 1217 ineunt,
723 1162 790 1203 non
809 1149 943 1205 tantum
960 1163 999 1205 eo
1018 1142 1180 1222 iniquam,

121 1240 209 1319 quod
231 1240 345 1303 inclusi
367 1241 523 1304 adversus
546 1242 767 1317 circumfusos
790 1242 970 1304 sedetiam
992 1244 1083 1322 quod
1104 1244 1181 1307 fessi

122 1359 196 1402 curn
212 1340 395 1402 recentibus
411 1361 449 1402 ac
465 1341 588 1418 vegetis
604 1341 807 1419 pugnabant.

70 1451 113 1502 48
165 1440 237 1501 lam
260 1446 293 1502 et
318 1440 448 1502 sinistro
474 1460 573 1502 cornu
597 1440 759 1516 Romano,
784 1441 840 1503 ubi
865 1441 1027 1503 sociorum
1052 1443 1182 1522 equites

122 1539 278 1602 adversus
306 1538 466 1601 Numidas
493 1547 665 1615 steterant,
695 1548 881 1602 consertum
909 1541 1070 1620 proelium
1097 1550 1180 1620 erat,

85 1655 216 1717 asegne
246 1639 352 1718 primo
380 1648 414 1703 et
444 1661 463 1702 a
493 1640 616 1702 Punica
647 1646 800 1719 coeptum
829 1640 954 1703 fraude.
985 1641 1182 1721 'Quingenti

120 1740 220 1802 ferme
242 1739 429 1816 Numidae,
466 1747 595 1819 praeter
628 1739 724 1802 solita
760 1760 851 1801 arma
886 1740 1018 1819 telaque
1053 1741 1182 1819 gladios

120 1840 265 1902 occultos
290 1841 351 1903 sub
376 1839 481 1902 loricis
506 1839 675 1916 habentes
701 1841 807 1918 speeie
832 1839 1079 1918 transfugarum
1105 1861 1182 1904 curn

85 1940 162 2002 aab
189 1941 255 2002 suis
282 1961 413 2020 parmas
440 1946 514 2019 post
541 1948 632 2018 terga
659 1938 818 2001 habentes
844 1940 1104 2018 adequitassent,
1133 1961 1181 2004 re·

120 2045 218 2119 pente
237 2061 278 2102 ex
296 2041 388 2119 equis
408 2039 571 2115 desiliunt,
592 2040 778 2118 parmisque
796 2046 830 2101 et
849 2039 962 2101 iaculis
981 2045 1060 2101 ante
1079 2040 1181 2119 pedes

120 2139 265 2203 hostium
288 2140 438 2219 proiectis
460 2141 493 2200 in
517 2140 659 2202 mediam
681 2139 784 2201 aciem
806 2139 933 2217 accepti
955 2137 1114 2218 ductique
1137 2141 1181 2202 ad

120 2238 253 2305 ultimos
276 2240 440 2302 considere
462 2239 503 2301 ab
525 2246 616 2317 tergo
638 2239 802 2300 iubentur.
847 2238 894 2299 Ac
917 2236 996 2299 dum
1017 2238 1181 2316 proelium

85 2339 163 2401 aab
186 2340 275 2402 omni
299 2346 392 2418 parte
416 2339 605 2413 conseritur,
630 2339 732 2418 quieti
757 2343 963 2414 manserunt;
999 2344 1181 2417 postquam

121 2439 267 2501 omniurn
295 2439 422 2500 animos
446 2439 623 2525 oculosque
651 2444 870 2517 occupaverat
899 2444 1075 2513 certamen,
1105 2444 1180 2501 tum

121 2539 264 2618 adreptis
285 2539 396 2613 scutis,
413 2525 639 2621 qube‘passim
659 2539 745 2600 inter
765 2556 898 2600 acervos
920 2555 1088 2599 caesorum
1110 2557 1180 2599 eor-

121 2659 238 2718 porum
251 2645 356 2700 strata
369 2626 638 2714 erant‚‚aversam
652 2637 847 2700 adoriuntur
859 2636 1047 2697 Romanam
1061 2636 1177 2712 aciem,

121 2746 276 2817 tergaque
311 2738 463 2800 lerientes
498 2758 535 2799 ac
570 2737 711 2817 poplites
746 2736 918 2799 caedentes
952 2742 1096 2813 stragem
1131 2736 1180 2797 in-

121 2844 251 2917 gentem
282 2858 320 2900 ac
351 2839 506 2900 maiorem
537 2838 708 2916 aliquanto
738 2856 896 2916 pavorem
926 2855 964 2897 ac
995 2834 1180 2898 tumultum

86 2939 278 3001 eiecerunt.
322 2938 404 3000 Cum
434 2937 510 2999 alibi
539 2944 644 3000 terror
672 2957 709 2999 ac
737 2937 826 3014 fuga,
856 2934 933 2996 alibi
963 2934 1117 3013 pertinax
1144 2934 1179 2996 in

122 3038 208 3100 mala
233 3039 299 3099 iam
324 3058 381 3117 spe
407 3037 565 3116 proelium
589 3043 685 3111 esset,
712 3034 911 3108 Hasdrubal,
938 3035 994 3113 qui
1019 3054 1058 3096 ea
1084 3040 1180 3113 parte

122 3145 281 3217 praeerat,
303 3138 483 3200 subductos
502 3157 544 3199 ex
564 3137 671 3199 media
692 3135 760 3198 acie
781 3134 952 3208 Numidas,
974 3133 1052 3212 quia
1073 3134 1180 3212 segnis

121 3258 234 3301 eorum
255 3257 329 3299 cum
348 3236 492 3299 adversis
511 3255 621 3315 pugna
639 3241 720 3310 erat,
737 3235 778 3296 ad
797 3233 1038 3312 persequendos
1056 3234 1180 3312 passim

86 3352 100 3394 a
121 3338 276 3416 fugientis
300 3337 415 3412 mittit,
441 3337 605 3415 Hispanos
628 3341 661 3398 et
685 3334 794 3397 Gallos
817 3333 943 3411 equites
967 3332 1054 3393 Afris
1078 3352 1180 3412 prope

123 3439 189 3499 iam
208 3438 299 3500 fessis
320 3437 417 3499 caede
437 3436 539 3513 magis
558 3455 659 3514 quarn
678 3453 788 3513 pugna
808 3432 967 3508 adiungit.

71 3541 114 3590 49
166 3538 264 3599 Parte
286 3536 388 3599 altera
409 3555 538 3615 pugnae
559 3534 690 3609 Paulus,
714 3551 916 3612 quamquam
937 3531 1042 3610 primo
1064 3532 1180 3595 statim
