2496 3908
137 224 178 289 90
616 236 706 288 mur
983 239 1080 306 [aoox
1104 241 1195 294 xxu.

137 432 247 492 pugna
285 413 328 475 sit
367 420 479 476 actum
507 413 599 488 scias,
629 413 681 476 die
710 413 842 493 quinto’
871 414 979 493 inquit
1008 415 1133 478 ‘victor
1160 417 1195 478 in

137 512 298 592 Capitolio
331 512 523 592 epulaberis.
568 514 724 592 Sequere;
771 533 845 575 cum
877 514 998 593 equite,
1033 521 1072 577 ut
1105 516 1197 595 prius

102 629 118 675 3
138 613 264 676 venisse
288 633 388 693 quam
411 619 589 676 venturum
612 613 728 688 sciant,
754 613 969 692 praecedam?
1015 615 1197 678 Hannibali

138 712 234 774 nimis
256 712 344 776 laeta
366 733 417 775 res
438 720 488 776 est
511 713 582 774 visa
605 713 773 792 maiorque
797 733 898 792 quam
920 720 959 776 ut
981 734 1056 777 eam
1079 716 1197 779 statim

140 832 252 891 capere
287 813 397 874 animo
432 819 551 891 posset.
597 812 715 890 Itaque
750 812 959 876 voluntatem
992 833 1026 877 se
1061 814 1198 879 laudare

42 922 52 940 ·
138 911 336 974 Maharbalis
357 912 420 987 ait;
453 912 496 973 ad
517 911 687 974 consilium
708 912 914 990 pensandum
934 912 1092 992 temporis
1113 934 1198 994 opus

103 1029 217 1074 4esse.
272 1012 356 1073 Tum
380 1011 567 1073 Maharbal:
602 1011 694 1073 ‘Non
717 1012 827 1073 omnia
851 1012 1007 1074 nimirum
1030 1013 1140 1076 eidem
1159 1013 1197 1076 'di

139 1111 273 1174 dedere:
295 1111 423 1173 vincere
438 1111 510 1185 scis,
524 1110 701 1185 Hannibal,
714 1110 852 1173 victoria
867 1112 917 1174 uti
932 1112 1058 1174 nescis!
1104 1113 1198 1174 Mora

139 1210 207 1274 eius
225 1210 288 1274 diei
306 1211 386 1273 satis
404 1210 547 1273 creditur
563 1209 661 1273 saluti
679 1210 777 1272 fuisse
795 1210 868 1272 urbi
886 1217 987 1290 atque
1003 1211 1153 1290 imperio.

104 1326 119 1370 5
181 1311 316 1373 Postero
339 1308 401 1385 die,
422 1309 479 1371 ubi
504 1310 646 1388 primurn
671 1309 789 1384 illuxit,
805 1309 850 1371 ire
872 1310 915 1372 ad
935 1309 1038 1388 spolia
1060 1311 1199 1389 legenda

139 1411 335 1489 foedamque
355 1409 456 1472 etiam
476 1408 625 1471 hostibus
640 1408 855 1487 spectandam
869 1414 1013 1487 stragem
1027 1409 1197 1473 insistunt.

104 1524 119 1569 6
141 1510 298 1573 Iacebant
320 1515 371 1571 tot
393 1509 619 1570 Romanorum
641 1508 740 1583 milia,
763 1509 889 1586 pedites
911 1509 1033 1586 passim
1054 1511 1197 1589 equites·

140 1630 213 1689 que,
235 1615 274 1672 ut
296 1629 394 1688 quem
416 1607 531 1686 cuique
552 1608 618 1669 sors
639 1614 698 1669 aut
719 1626 829 1685 pugna
850 1607 1002 1670 iunxerat
1024 1615 1084 1671 aut
1105 1608 1196 1687 iuga.

139 1709 360 1787 Adsurgentes
376 1707 511 1787 quidam
526 1727 567 1768 ex
581 1713 689 1784 strage
705 1706 812 1768 media
829 1707 964 1782 cruenti,
982 1726 1065 1787 quos
1081 1708 1198 1770 stricta

93 1842 95 1846 ·
140 1808 304 1871 matutino
324 1808 441 1886 frigore
461 1807 687 1868 excitaverant
707 1805 852 1882 vulnera,
873 1805 916 1867 ab
937 1805 1030 1869 hoste
1050 1808 1198 1886 oppressi

31 1904 33 1912 ⁴
104 1922 118 1969 t
140 1915 232 1983 sunt;
265 1906 426 1987 quosdam
445 1911 479 1967 et
499 1905 634 1967 iacentis
655 1905 749 1966 vivos
768 1905 899 1967 succisis
918 1905 1096 1968 feminibus
1116 1926 1197 1985 pop·

139 2008 315 2085 litibusque
338 2006 543 2079 invenerunt,
567 2003 724 2066 nudantis
747 2004 904 2066 cervicem
927 2004 1141 2085 iugulumque
1163 2011 1197 2067 et

104 2107 299 2186 ereliquum
327 2105 518 2183 sanguinem
546 2104 695 2166 iubentes
722 2102 866 2178 haurire;
906 2104 1033 2165 inventi
1061 2099 1198 2183 quidam

139 2213 216 2269 sunt
236 2206 347 2267 mersis
366 2205 400 2264 in
418 2205 570 2266 effossam
590 2209 711 2265 terram
732 2203 904 2281 capitibus,
926 2222 1008 2282 quos
1027 2203 1090 2266 sibi
1111 2205 1197 2283 ipsos

138 2307 250 2370 fecisse
280 2307 392 2367 foveas
423 2303 658 2381 obruentisque
688 2323 744 2364 ora
771 2303 953 2381 superiecta
976 2301 1077 2364 humo
1100 2304 1198 2366 inter-

104 2424 119 2467 9
140 2407 269 2469 elusisse
289 2405 441 2483 spiritum
462 2403 653 2483 apparebat.
700 2390 878 2481 Praecipue
901 2403 1063 2464 convertit
1084 2422 1196 2465 omnes

139 2507 327 2569 subtractus
343 2503 485 2565 Numida
501 2509 632 2564 mortuo
648 2502 915 2581 superincubanti
932 2502 1083 2564 Romano
1100 2503 1196 2565 vivus

140 2626 218 2668 naso
243 2604 440 2682 auribusque
464 2602 625 2677 laceratis
652 2621 725 2663 cum
751 2602 802 2663 ille
827 2601 979 2663 manibus
1003 2600 1046 2663 ad
1071 2603 1198 2681 capien-

140 2706 219 2768 dum
238 2704 339 2766 telum
358 2702 528 2764 inutilibus
547 2702 580 2762 in
599 2702 722 2764 rabiem
741 2700 787 2763 ira
806 2721 899 2763 versa
919 2701 1074 2763 laniando
1094 2702 1198 2764 denti-

133 2806 202 2870 ,bus
217 2804 345 2866 hostem
359 2803 564 2881 exspirasset.

90 2918 133 2968 52
184 2904 300 2983 Spoliis
331 2903 374 2965 ad
406 2902 548 2964 multum
580 2901 644 2964 diei
675 2901 767 2963 lectis
800 2900 965 2963 Hannibal
998 2901 1041 2963 ad
1073 2902 1198 2963 minora

143 3005 233 3067 ducit
261 3009 366 3065 castra
395 3001 616 3081 oppugnanda
643 3007 676 3063 et
704 3000 851 3062 omnium
878 3001 1020 3079 primum
1048 3001 1198 3064 bracchio

106 3104 269 3167 cobiecto
308 3102 441 3165 flumine
480 3121 535 3163 eos
573 3099 728 3162 excludit.
772 3099 924 3161 Ceterum
964 3101 1006 3162 ab
1047 3102 1198 3163 omnibus

141 3204 251 3267 labore
270 3202 386 3281 vigiliis
406 3200 594 3264 vulneribus
613 3200 713 3261 etiam
732 3199 824 3260 fessis
843 3200 1004 3261 maturior
1023 3200 1124 3279 ipsius
1143 3220 1199 3278 spe

107 3317 122 3361 3
142 3304 265 3367 deditio
282 3308 332 3365 est
349 3302 448 3363 facta.
493 3300 598 3375 Pacti,
616 3305 654 3361 ut
672 3319 763 3360 arma
781 3305 882 3377 atque
899 3317 1000 3377 equos
1019 3299 1197 3374 traderent,

143 3405 176 3466 in
195 3404 303 3482 capita
322 3402 473 3463 Romana
492 3392 630 3462 trecenis
648 3399 791 3460 nummis
810 3398 1023 3476 quadrigatis,
1044 3400 1077 3459 in
1096 3400 1200 3461 socios

144 3505 285 3578 ducenis
316 3503 348 3562 in
377 3519 487 3562 servos
517 3499 671 3572 centenis
701 3504 734 3560 et
764 3504 803 3556 ut
831 3518 869 3559 eo
898 3498 1004 3577 pretio
1033 3500 1199 3577 persoluto
