2496 3908
59 133 162 182 cuns.
177 132 203 193 9,
218 131 258 194 10,
274 131 329 197 11.]
548 131 635 180 unu
1056 119 1118 183 105

60 308 141 371 dum
160 306 293 371 futuros
313 307 386 369 rati.
431 307 520 383 Quos
541 327 615 368 cum
635 327 676 369 ex
695 326 768 369 arce
788 304 1014 385 Capitolioque
1035 305 1119 369 clivo

60 407 210 471 Publicio
233 407 269 468 in
294 407 387 486 equis
412 405 612 469 decurrentis
638 406 774 485 quidam
799 406 967 482 vidissent,
985 412 1120 485 captum

59 507 268 570 Aventinum
292 506 589 568 conclamaverunt.
635 506 684 567 Ea
708 525 757 568 res
781 512 914 568 tantum
937 504 1119 568 tumultum
1138 516 1153 564 τ

61 627 98 669 ac
123 607 239 684 fugam
263 605 424 684 praebuit,
450 611 498 680 ut,
523 605 584 666 nisi
609 611 716 667 castra
740 605 863 666 Punica
887 612 981 667 extra
1004 605 1119 669 urbem

61 707 213 782 fuissent,
249 705 391 768 effusura
426 725 459 767 se
494 705 600 766 omnis
635 703 756 783 pavida
792 704 969 766 multitudo
1004 705 1118 782 luerit;

61 814 141 870 tunc
167 806 203 866 in
228 805 342 868 domos
367 811 468 883 atque
492 805 526 864 in
552 809 640 867 tecta
665 804 870 881 refugiebant
896 824 1061 883 vagosque
1085 806 1119 866 in

61 907 123 968 viis
156 925 233 967 suos
265 925 324 984 pro
356 903 505 966 hostibus
537 902 701 983 lapidibus
734 904 871 982 telisque
903 904 1118 967 incessebant.

61 1006 129 1068 Nec
166 1003 336 1082 comprimi
372 1002 535 1065 tumultus
569 1003 752 1082 aperirique
786 1023 874 1065 error
908 1010 1038 1082 poterat
1073 1018 1155 1068 re-⁸

59 1104 153 1167 fertis
194 1103 366 1166 itineribus
406 1103 584 1180 agrestium
625 1102 723 1164 turba
764 1122 993 1181 pecorumque,
1036 1123 1121 1182 quae

60 1204 252 1282 repentinus
273 1222 378 1281 pavor
398 1203 431 1262 in
452 1202 566 1264 urbem
589 1202 801 1281 compulerat.
847 1203 1007 1281 Equestre
1029 1223 1120 1282 pree·
1140 1217 1156 1264 9

59 1303 141 1365 lium
164 1301 346 1364 secundum
367 1301 441 1377 fuit,
465 1302 687 1380 summotique
710 1302 820 1365 hostes
842 1308 930 1364 sunt.
976 1303 1020 1365 Et
1043 1304 1120 1382 quia

61 1402 175 1464 multis
205 1400 284 1465 locis
315 1401 550 1480 comprimendi
581 1400 744 1463 tumultus
775 1408 879 1478 erant,
912 1402 968 1481 qui
999 1409 1120 1465 temere

60 1501 263 1575 oriebantur,
289 1500 412 1579 placuit
436 1520 558 1575 omnes
583 1501 639 1579 qui
664 1501 851 1577 dictatores
878 1501 1024 1564 consules
1048 1521 1121 1564 cen-

60 1621 192 1664 soresve
225 1600 374 1676 fuissent,
411 1620 485 1661 cum
517 1600 654 1679 imperio
687 1620 766 1675 esse,
802 1601 904 1663 donec
938 1601 1120 1664 recessisset

60 1722 80 1763 a
109 1701 211 1762 muris
238 1699 353 1762 hostis.
398 1700 443 1762 Et
472 1699 533 1762 diei
563 1700 652 1778 quod
681 1700 842 1778 reliquum
870 1699 933 1762 fuit
962 1707 995 1762 et
1023 1708 1120 1763 nocte
1140 1714 1169 1760 ιο

60 1801 247 1879 insequenti
280 1799 375 1863 multi
407 1806 529 1862 temere
560 1800 695 1862 excitati
728 1799 891 1861 tumultus
923 1806 1000 1862 sunt
1034 1821 1120 1862 com-

60 1901 239 1979 pressique.

74 2040 75 2044 =
102 2000 239 2062 Postero
282 1998 333 2062 die
386 2006 605 2077 transgressus
657 1998 816 2062 Anienem
869 1999 1035 2062 Hannibal
1082 2001 1165 2061 in11

59 2100 165 2161 aciem
196 2099 302 2160 omnis
334 2099 443 2177 copias
474 2099 604 2173 eduxit;
648 2119 706 2160 nec
739 2099 874 2161 Flaccus
906 2100 1117 2179 consulesque

59 2206 227 2262 certamen
253 2198 486 2261 detrectavere.
532 2199 706 2261 Instructis
731 2199 897 2278 utrimque
922 2200 1118 2263 exercitibus
1138 2213 1152 2257 a

58 2300 93 2360 in
115 2299 186 2360 eius
210 2317 338 2376 pugnae
363 2317 484 2373 casum,
509 2298 542 2358 in
566 2318 631 2378 qua
654 2298 732 2360 urbs
756 2299 863 2360 Roma
887 2299 1003 2362 victori
1026 2319 1118 2378 prae·

59 2399 164 2460 mium
191 2403 286 2472 esset,
314 2397 419 2460 imber
445 2398 557 2476 ingens
584 2398 742 2477 grandine
769 2399 893 2460 mixtus
919 2399 967 2460 ita
993 2405 1118 2461 utram-

59 2517 124 2577 que
146 2497 249 2559 aciem
270 2496 430 2573 turbavit‚
452 2504 490 2559 ut
511 2498 569 2559 vix
589 2499 687 2560 armis
709 2499 844 2561 retentis
865 2499 899 2559 in
921 2505 1028 2560 castra
1049 2519 1117 2561 sese

58 2597 240 2675 receperint
265 2596 385 2659 nullius
410 2597 455 2660 rei
481 2597 604 2660 minore
630 2618 731 2677 quam
756 2598 901 2660 hostium
926 2603 1027 2660 metu.
1073 2599 1117 2660 Et

59 2702 192 2775 postero
226 2696 277 2758 die
309 2696 425 2759 eodem
456 2695 527 2760 loco
560 2698 644 2760 acies
677 2699 854 2760 instructas
887 2697 1003 2761 eadem
1035 2703 1151 2760 tem-3

58 2802 170 2874 postas
192 2795 333 2858 diremit.
379 2796 443 2858 Ubi
468 2799 663 2877 recepissent
685 2818 718 2860 se
742 2799 775 2858 in
797 2804 914 2873 castra,
931 2798 1013 2859 mira
1034 2817 1116 2859 sere-

57 2896 147 2957 nitas
182 2914 256 2957 cum
290 2896 530 2975 tranquillitate
564 2897 739 2959 oriebatur.
785 2897 824 2957 In
858 2896 1045 2975 religionem
1078 2913 1151 2958 eas

58 3015 109 3058 res
138 2994 227 3074 apud
255 2996 381 3058 Poenos
409 3016 502 3059 versa
529 3003 590 3072 est,
619 2997 799 3076 auditaque
826 3016 893 3058 vox
921 2994 1116 3058 Hannibalis

58 3095 173 3170 fertur,
201 3096 380 3174 potiundae
405 3095 465 3157 sibi
491 3096 581 3158 urbis
606 3096 732 3159 Romae
757 3095 856 3158 modo
881 3102 1026 3159 mentem
1049 3115 1116 3158 non

59 3195 140 3271 dari,
170 3195 268 3258 modo
294 3195 473 3257 fortunam.
518 3196 663 3259 Minuere
690 3196 791 3258 etiam
817 3215 910 3275 spem
936 3196 1004 3258 eius
1032 3194 1115 3258 duae
1136 3209 1150 3254 e

59 3295 152 3370 aliae,
186 3314 288 3373 parva
321 3314 515 3373 magnaque,
549 3314 615 3357 res:
659 3315 777 3373 magna
809 3295 874 3370 illa,
908 3295 1006 3374 quod,
1041 3314 1116 3356 cum

59 3395 128 3474 ipse
157 3393 200 3455 ad
228 3394 357 3456 moenia
385 3393 474 3456 urbis
502 3394 628 3457 Romae
656 3402 803 3457 armatus
831 3396 966 3469 sederet,
996 3393 1116 3457 milites
1169 3387 1197 3406 '¹
