2496 3908
127 249 190 313 128
609 257 699 307 mvr
955 256 1182 321 [sooxxxvn

77 451 104 496 11
127 437 166 497 In
189 443 306 499 senatu
329 435 482 515 primum,
506 433 623 497 deinde
645 434 679 494 in
702 433 854 496 contione
875 432 1005 495 litterae
1027 433 1185 496 recitatae

126 542 220 612 sunt;
249 543 283 599 et
301 556 360 616 pro
379 536 535 614 cuiusque
552 535 681 612 ingenio
699 532 770 595 aliis
787 533 855 596 iam
873 539 998 595 certum
1016 533 1184 611 gaudium,

127 635 197 698 aliis
210 635 300 698 nulla
314 641 392 697 ante
404 634 518 698 futura
531 633 611 696 fides
623 640 705 709 erat,
720 653 821 713 quam
833 632 958 711 legatos
972 633 1185 701 consulumve

76 747 116 797 51
128 735 255 799 litteras
287 734 466 797 audissent.
533 734 626 813 Ipsos
655 733 774 796 deinde
805 733 1070 813 appropinquare
1101 734 1185 812 lega-

128 843 179 898 tos
203 835 354 899 adlatum
378 841 438 898 est.
482 835 574 897 Tunc
598 834 686 896 enirn
711 853 788 896 vero
812 835 918 896 omnis
942 841 1035 897 aetas
1061 855 1186 898 currere

126 935 225 1011 obvii,
249 936 373 1014 primus
396 934 534 1013 quisque
556 933 657 996 oculis
679 933 879 1014 auribusque
900 932 1029 997 haurire
1052 941 1186 998 tantum

90 1050 104 1094 2
125 1035 283 1112 gaudium
293 1035 472 1113 cupientes.
517 1034 570 1096 Ad
580 1033 742 1096 Mulvium
752 1053 857 1113 usque
867 1040 1003 1113 pontem
1015 1035 1185 1098 continens

90 1147 105 1192 3
126 1153 242 1211 agmen
263 1134 422 1213 pervenit.
467 1133 582 1211 Legati
595 1169 636 1176 —
649 1134 670 1194 ii
690 1139 784 1196 erant
803 1134 840 1196 L.
861 1134 1015 1196 Veturius
1034 1133 1129 1196 Philo
1148 1135 1184 1196 P.

126 1234 268 1295 Licinius
289 1235 395 1296 Varus
416 1234 454 1309 Q.
476 1233 634 1296 Caecilius
655 1232 805 1296 Metellus
817 1269 858 1276 —
873 1233 1059 1296 circumfusi
1080 1234 1186 1296 omnis

125 1333 250 1410 generis
272 1332 443 1395 hominum
464 1332 650 1411 frequentia
671 1334 705 1394 in
726 1333 835 1395 forum
857 1339 1087 1413 pervenerunt,
1112 1354 1186 1396 cum

125 1431 179 1493 alii
209 1433 307 1512 ipsos
339 1432 392 1493 alii
425 1433 559 1495 comites
589 1452 713 1508 eorum,
744 1453 829 1512 quae
859 1440 934 1496 acta
964 1440 1084 1509 essent,
1116 1453 1186 1513 per-

89 1554 105 1598 4
127 1539 368 1594 cunctarentur.
414 1532 459 1594 Et
473 1539 512 1595 ut
527 1532 665 1611 quisque
679 1532 830 1595 audierat
844 1533 1025 1595 exercitum
1040 1531 1187 1597 hostium

125 1632 422 1711 imperatoremque
450 1632 602 1708 occisum,
631 1631 772 1710 legiones
800 1631 968 1694 Romanas
996 1632 1186 1710 incolumes

125 1731 233 1792 salvos
260 1731 407 1794 consules
432 1751 512 1807 esse,
538 1731 705 1811 extemplo
732 1731 802 1793 aliis
828 1752 924 1810 porro
950 1733 1187 1812 impertiebant

89 1841 104 1885 5
126 1831 283 1908 gaudium
303 1851 410 1893 suum.
455 1830 538 1893 Cum
559 1851 653 1909 aegre
672 1832 706 1892 in
728 1832 852 1893 curiam
872 1839 1070 1910 perventum
1089 1840 1186 1908 esset,

127 1931 231 1993 multo
258 1932 385 2008 aegrius
411 1937 577 1993 summota
604 1931 713 2006 turba,
738 1951 782 1993 ne
808 1932 958 2011 patribus
985 1933 1187 2009 misceretur,

125 2030 254 2093 litterae
277 2032 309 2090 in
332 2038 449 2093 senatu
472 2032 628 2093 recitatae
650 2038 738 2093 sunt.
782 2032 866 2094 Inde
888 2031 1033 2094 traducti
1055 2033 1089 2093 in
1113 2053 1189 2094 con-

90 2142 105 2186 6
127 2131 251 2193 tionem
272 2131 381 2208 legati.
426 2130 462 2191 L.
486 2131 640 2192 Veturius
661 2130 779 2193 litteris
801 2131 946 2193 recitatis
967 2132 1036 2210 ipse
1058 2131 1189 2210 planius

126 2231 246 2306 omnia,
263 2250 347 2309 quae
361 2237 436 2292 acta
449 2237 553 2305 erant,
565 2231 718 2309 exposuit
729 2250 803 2292 cum
812 2231 936 2308 ingenti
947 2231 1100 2308 adsensu,
1115 2253 1189 2311 pos-

127 2338 231 2392 tremo
243 2331 344 2392 etiam
357 2331 496 2392 clamore
508 2331 679 2392 universae
692 2331 863 2406 contioniS,
877 2350 952 2392 cum
962 2332 1018 2392 vix
1029 2332 1190 2408 gaudium

91 2440 105 2485 7
127 2430 244 2491 animis
270 2436 432 2509 caperent.
479 2430 670 2492 Discursum
693 2430 769 2492 inde
793 2430 835 2491 ab
859 2430 930 2491 aliis
955 2431 1039 2492 circa
1064 2432 1189 2511 templa

129 2530 236 2605 deum,
261 2537 299 2592 ut
323 2537 430 2607 grates
454 2537 597 2607 agerent,
623 2529 665 2591 ab
689 2529 759 2591 aliis
784 2530 908 2605 domos,
933 2537 971 2593 ut
996 2531 1189 2608 coniugibus

92 2629 301 2708 8liberisque
325 2636 396 2691 tam
424 2629 550 2691 laetum
578 2631 734 2691 nuntium
762 2631 979 2709 impertirent.
1034 2631 1188 2708 Senatus,

128 2729 218 2808 quod
235 2729 278 2790 M.
298 2729 410 2791 Livius
427 2736 461 2792 et
478 2729 512 2791 C.
531 2729 686 2792 Claudius
705 2730 852 2792 consules
869 2730 1024 2791 incolumi
1041 2731 1189 2793 exercitu

128 2828 245 2890 ducem
273 2828 418 2890 hostium
446 2829 652 2908 legionesque
680 2830 884 2905 occidissent,
913 2828 1190 2908 supplicationem

128 2928 161 2988 in
186 2927 333 2990 triduum
358 2929 512 2991 decrevit.
558 2929 643 2990 Eam
667 2930 940 3008 supplicationem
964 2928 999 2990 O.
1026 2930 1189 2992 Hostilius

128 3035 260 3106 praetor
278 3049 336 3106 pro
357 3029 508 3090 contione
527 3029 640 3104 edixit,
662 3028 892 3107 celebrataque
909 3049 928 3090 a
947 3028 1025 3089 viris
1043 3028 1189 3091 feminis-

92 3139 107 3183 9
129 3147 191 3206 que
210 3134 275 3203 est;
307 3129 482 3207 omniaque
502 3129 625 3207 templa
644 3149 702 3207 per
720 3136 830 3191 totum
849 3129 996 3191 triduum
1015 3128 1188 3208 aequalem

128 3227 262 3289 turbam
288 3226 441 3303 habuere,
470 3248 544 3289 cum
570 3235 740 3290 matronae
766 3228 966 3305 amplissima
993 3235 1085 3291 veste
1112 3249 1188 3290 curn

127 3326 246 3402 liberis,
265 3328 398 3406 perinde
416 3328 496 3389 acsi
514 3327 715 3391 debellatum
731 3328 825 3402 foret,
844 3328 932 3389 omni
950 3328 1077 3390 solutae
1095 3336 1187 3391 metu

78 3436 107 3482 10
129 3426 196 3489 deis
218 3427 458 3489 immortalibus
480 3435 588 3504 grates
610 3433 753 3504 agerent.
798 3427 932 3489 Statum
954 3447 1085 3505 quoque
1109 3428 1187 3489 civi-

128 3526 208 3588 tatis
226 3546 264 3588 ea
284 3526 422 3588 victoria
441 3527 556 3603 movit,
576 3534 614 3589 ut
633 3527 699 3588 iam
718 3527 794 3588 inde
812 3526 901 3588 haud
920 3547 1011 3589 secus
1031 3547 1132 3606 quam
1150 3527 1186 3589 in
