2496 3908
139 229 180 293 52
621 243 711 292 mvr
1008 245 1107 311 [3001
1118 246 1185 298 xm
1227 220 1229 229 '

139 416 234 478 nibus
264 417 404 484 consulis
432 417 591 496 sociisque
620 418 792 480 navalibus
806 373 921 497 *gibus
950 419 1185 498 praebiturum

138 517 260 596 grande
275 516 454 595 periculum
471 516 626 594 Lilybaeo
642 518 891 597 maritumisque
907 517 1101 582 civitatibus
1115 539 1186 594 esse,

90 631 118 676 11
139 624 171 679 et
194 617 391 696 quibusdam
414 617 600 678 volentibus
622 637 725 678 novas
748 637 796 679 res
818 617 896 680 lore.
943 617 994 680 Ob
1017 617 1099 682 haec
1121 639 1187 682 con-

138 716 199 778 suli
232 716 310 777 nihil
346 715 568 777 cunctandum
602 717 719 792 visum,
753 717 833 795 quin
867 716 1061 794 Lilybaeum
1096 718 1189 781 classe

138 822 273 896 peteret.
319 817 363 878 Et
394 836 450 878 rex
481 816 633 894 regiaque
664 816 773 878 classis
803 835 869 878 una
899 817 1049 895 profecti.
1096 818 1188 881 Navi·

139 924 253 996 gantes
274 916 348 978 inde
369 920 553 994 pugnatum
573 915 616 977 ad
637 915 829 993 Lilybaeum
849 916 1005 995 fusasque
1025 923 1060 980 et
1082 923 1189 997 captas

53 1045 55 1054 ·
88 1021 128 1072 51
142 1017 283 1079 hostium
314 1036 414 1078 naves
444 1034 605 1094 accepere.
651 1016 679 1075 A
710 1015 865 1093 Lilybaeo
897 1015 1020 1092 consul,
1053 1017 1189 1079 Hierone

140 1136 213 1177 cum
234 1116 333 1177 classe
352 1116 437 1194 regia
457 1115 589 1176 dimisso
609 1115 786 1193 relictoque
804 1120 954 1193 praetore
973 1115 1016 1178 ad
1036 1117 1189 1178 tuendam

139 1216 263 1278 Siciliae
283 1236 383 1290 oram,
405 1216 472 1294 ipse
492 1215 524 1274 in
545 1213 685 1275 insulam
705 1214 861 1289 Melitam,
882 1233 967 1293 quae
985 1235 1006 1276 a
1025 1215 1189 1294 Carthagi-

103 1327 118 1372 2
138 1315 302 1377 niensibus
324 1315 507 1389 tenebatur,
530 1314 668 1376 traiecit.
715 1314 912 1376 Advenienti
934 1314 1106 1377 Hamilcar
1125 1315 1190 1378 Gis

138 1416 228 1493 gonis
244 1415 337 1488 filius,
354 1415 539 1492 praefectus
555 1414 717 1491 praesidii,
736 1433 810 1475 cum
827 1413 925 1492 paulo
940 1414 1050 1477 minus
1066 1415 1191 1477 duobus

138 1515 267 1576 milibus
287 1514 429 1575 militum
449 1514 672 1592 oppidumque
693 1532 767 1575 cum
787 1513 893 1575 insula
914 1514 1067 1576 traditur.
1114 1515 1191 1577 Inde

137 1622 211 1692 post
228 1633 349 1693 paucos
365 1614 432 1676 dies
449 1615 590 1676 reditum
606 1613 810 1691 Lilybaeum,
829 1613 1018 1694 captivique
1033 1620 1067 1676 et
1084 1635 1105 1677 a
1121 1635 1191 1677 con·

137 1714 205 1776 sule
229 1721 262 1776 et
287 1735 306 1775 a
331 1720 480 1793 praetore
505 1714 665 1792 praeter
658 1715 798 1792 insignes
823 1713 996 1776 nobilitate
1020 1714 1110 1777 viros
1134 1715 1191 1777 sub

102 1829 117 1872 3
139 1835 256 1876 corona
283 1815 464 1876 venierunt.
441 1815 588 1875 ttPos
575 1820 691 1892 tquam
718 1814 760 1875 ab
788 1833 826 1875 ea
854 1820 948 1892 parte
975 1814 1057 1876 satis
1085 1821 1192 1878 tutam

76 1980 79 1985 ,
138 1892 279 1976 Siciliam
304 1914 456 1975 censebat
481 1914 602 1988 consul
627 1914 669 1975 ad
693 1913 815 1975 insulas
838 1913 986 1989 Vulcani,
1003 1914 1081 1993 quia
1105 1915 1192 1977 fama

137 2019 207 2074 erat
229 2021 316 2075 stare
339 2013 383 2102 ibi
406 2014 563 2074 Punicam
588 2013 732 2088 classem,
757 2014 901 2090 traiecit;
936 2033 994 2075 nec
1018 2014 1193 2094 quisquam

101 2112 280 2174 4host1um
304 2113 387 2174 circa
409 2133 463 2175 eas
486 2113 608 2174 insulas
631 2113 795 2175 inventus.
840 2114 912 2174 Iam
933 2114 1019 2175 forte
1042 2116 1193 2178 transmi-

137 2219 246 2274 serant
263 2213 304 2274 ad
317 2213 515 2274 vastandam
531 2213 648 2274 Italiae
665 2233 765 2288 oram,
779 2213 1045 2293 depopulatoque
1060 2215 1194 2278 Viboni-

101 2313 204 2374 5ensi
236 2333 313 2391 agro
343 2313 458 2397 urbem
488 2313 588 2374 etiam
620 2295 813 2374 terrebant'
843 2313 1019 2391 Repetenti
1050 2314 1194 2377 Siciliam

138 2413 260 2474 consuli
289 2408 431 2475 esbensio
462 2412 604 2474 hostium
635 2413 668 2472 in
699 2433 813 2491 agrum
844 2413 1075 2475 Viboniensem
1104 2415 1194 2477 lacta

137 2514 310 2575 nuntiatur
334 2514 527 2592 litteraeque
553 2512 595 2573 ab
622 2519 739 2575 senatu
765 2513 805 2575 de
832 2515 974 2575 transitu
1001 2513 1034 2573 in
1061 2514 1194 2576 Italiam

137 2613 341 2687 Hannibalis,
365 2619 399 2674 et
421 2619 458 2675 ut
481 2612 586 2690 primo
609 2632 740 2691 quoque
763 2619 910 2692 tempore
933 2613 1073 2691 collegae
1095 2613 1194 2676 ferret

101 2713 304 2788 oauxilium
329 2714 445 2774 missae
468 2712 654 2774 traduntur.
716 2712 808 2774 lllult
786 2719 828 2774 trs
851 2714 946 2774 simul
970 2713 1088 2775 anxius
1112 2715 1194 2776 curis
1223 2713 1229 2743 ²

137 2813 315 2874 exercitum
337 2833 377 2874 ex
379 2812 524 2890 t'emplo
518 2833 550 2872 m
571 2832 672 2874 naves
694 2813 884 2891 impositum
906 2813 1089 2874 Ariminum
1111 2786 1225 2927 brari

137 2898 256 2991 superd
277 2913 374 2988 misit,
400 2913 499 2974 Sexto
465 2913 705 2990 tPomponio
728 2913 836 2990 legato
861 2932 935 2973 curn
959 2912 1076 2991 viginti
1100 2933 1194 2992 qum-

138 3032 200 3090 que
227 3012 330 3090 longis
358 3012 498 3073 navibus
526 3012 757 3074 Viboniensem
785 3032 899 3090 agrum
928 3013 1194 3092 maritimamque

101 3127 228 3173 loram
261 3112 377 3174 ltaliae
410 3111 568 3174 tuendam
601 3112 766 3186 attribuit
801 3113 843 3172 M.
879 3112 1017 3174 Aemilio
1050 3113 1192 3191 praetori

137 3212 375 3290 quinquaginta
404 3211 538 3272 navium
568 3210 701 3272 classem
730 3211 885 3289 explevit.
931 3213 1006 3289 Ipse
1035 3213 1194 3291 composi-

138 3312 180 3373 tis
138 3312 338 3374 tSiciliae
370 3312 466 3373 rebus
498 3311 608 3372 decern
641 3311 781 3372 navibus
813 3331 904 3372 oram
937 3311 1054 3373 Italiae
1085 3293 1229 3414 legensss‘

137 3412 320 3472 Ariminum
348 3411 507 3489 pervenit
553 3411 635 3473 Inde
664 3430 737 3472 cum
765 3411 911 3472 exercitu
939 3429 998 3472 suo
1026 3412 1193 3489 profectus

137 3511 179 3572 ad
195 3510 345 3572 Trebiam
362 3511 483 3572 flumen
500 3510 639 3588 collegae
655 3510 873 3588 coniungitur
