2496 3908
136 221 199 285 104
615 233 705 282 nrvr
979 232 1075 298 [13001
1088 234 1187 284 xxvi.

87 424 112 468 11
137 406 302 469 Hannibal
328 407 477 470 infestius
502 407 719 488 perpopulato
743 428 820 487 agro
846 407 1035 487 Fregellano
1060 415 1191 489 propter

135 506 304 569 intercisos
336 507 456 586 pontis,
489 527 546 587 per
578 508 785 571 Frusinatem
818 508 1130 590 Ferentinatemque
1160 514 1191 572 et

135 605 345 684 Anagninum
375 626 490 684 agrum
519 607 553 667 in
584 606 786 669 Labicanum
816 607 918 670 venit.
963 606 1046 671 Inde
1077 607 1191 687 Algido

135 704 313 768 Tusculum
337 706 442 785 petiit,
462 726 520 769 nec
545 713 695 785 receptus
719 706 889 770 moenibus
912 707 997 768 infra
1015 707 1192 770 Tusculum

86 830 114 874 12
136 804 324 868 dextrorsus
342 805 464 869 Gabios
481 805 659 869 descendit.
705 799 787 869 Inde
803 806 837 867 in
855 807 1032 885 Pupiniam
1048 807 1193 870 exercitu

86 927 114 972 13
136 904 276 968 demisso
290 912 365 969 octo
380 905 469 968 milia
483 925 640 986 passuum
654 905 696 967 ab
711 906 818 968 Roma
833 906 943 985 posuit
958 912 1077 968 castra.
1122 907 1192 983 Quo

136 1006 268 1085 propius
279 1005 383 1068 hostis
395 1006 582 1082 accedebat,
594 1027 633 1069 eo
645 1007 748 1069 maior
760 1006 873 1069 caedes
885 1005 986 1068 fiebat
996 1005 1193 1084 fugientium

136 1105 406 1184 praecedentibus
444 1106 605 1181 Numidia,
645 1105 817 1185 pluresque
854 1105 1002 1168 omnium
1039 1125 1194 1184 generum
1240 1159 1243 1165 .

137 1211 238 1284 atque
260 1205 421 1268 aetatium
445 1205 668 1284 capiebantur.

88 1323 128 1373 10
182 1306 230 1367 10.
261 1305 301 1366 In
332 1304 393 1366 hoo
425 1305 571 1367 tumultu
603 1305 737 1367 Fulvius
769 1304 904 1368 Flaccus
936 1311 1033 1385 porta
1063 1305 1194 1385 Capena

138 1424 212 1466 cum
234 1405 379 1467 exercitu
401 1405 544 1467 Romam
566 1405 727 1482 ingressus
749 1404 857 1467 media
878 1405 959 1468 urbe
981 1424 1040 1484 per
1060 1405 1194 1468 Carinas

74 1582 77 1588 ἡ
136 1504 299 1584 Esquilias
338 1505 507 1567 contendit
515 1525 523 1581 3
573 1505 647 1567 inde
684 1524 830 1583 egressus
866 1505 952 1567 inter
989 1504 1194 1584 Esquilinam

99 1618 114 1662 a
135 1604 360 1683 Collinamque
382 1609 513 1683 portam
535 1604 644 1683 posuit
668 1611 785 1666 castra.
831 1603 959 1667 Aediles
981 1602 1086 1682 plebis
1110 1625 1194 1667 com·

34 1774 36 1779 ‚
135 1710 282 1791 meatum
293 1724 331 1766 eo
345 1710 602 1783 comportarunt.
647 1702 803 1767 Consules
820 1709 1019 1782 senatusque
1035 1703 1069 1763 in
1088 1710 1194 1766 castra

135 1809 306 1866 venerunt.
352 1803 462 1866 Ibide
483 1822 613 1865 summa
633 1803 817 1883 republica
842 1802 1076 1865 consultatum.
1123 1803 1194 1864 Pla·

135 1903 202 1966 cuit
247 1903 393 1966 consules
437 1903 520 1965 circa
564 1908 676 1986 portas
719 1902 879 1966 Collinam
923 1901 1193 1983 Esquilinamque

135 2023 254 2082 ponere
276 2010 393 2077 castra,
415 2002 450 2065 C.
472 2002 685 2081 Calpurnium
707 2004 892 2082 praetorem
913 2002 1078 2064 urbanum
1100 2002 1193 2082 Capi-

134 2102 213 2164 tolio
248 2109 349 2181 atque
384 2103 449 2164 arci
484 2122 631 2182 praeesse
665 2108 699 2165 et
732 2109 886 2165 senatum
919 2101 1127 2181 frequentem
1160 2103 1194 2163 in

133 2202 204 2264 foro
236 2202 404 2278 contineri,
435 2202 461 2263 si
492 2201 572 2281 quid
601 2202 636 2263 in
666 2209 737 2265 tam
766 2202 884 2265 subitis
914 2201 1011 2264 rebus
1042 2202 1192 2264 consulto

98 2315 113 2360 3
134 2322 216 2381 opus
241 2308 336 2364 esset.
382 2303 474 2364 Inter
498 2301 578 2364 haec
606 2301 772 2363 Hannibal
799 2301 842 2363 ad
868 2301 1027 2364 Anienem
1053 2301 1193 2363 fluvium

133 2402 197 2465 tria
225 2402 314 2464 milia
342 2420 499 2480 passuum
526 2401 568 2463 ab
596 2401 677 2464 urbe
705 2407 812 2463 castra
840 2400 1000 2463 admovit.
1046 2400 1098 2462 Ibi
1126 2407 1192 2463 sta-

133 2502 211 2564 tivis
235 2501 350 2581 positis
374 2502 442 2580 ipse
468 2521 543 2562 cum
567 2500 696 2562 duobus
721 2500 851 2563 milibus
876 2501 1026 2580 equitum
1051 2499 1094 2562 ad
1120 2520 1192 2580 por-

133 2609 204 2664 tam
222 2601 382 2664 Collinam
400 2621 503 2680 usque
523 2600 566 2662 ad
585 2601 734 2663 Herculis
753 2601 915 2679 templum
933 2606 983 2662 cst
1003 2619 1191 2679 progressus

133 2707 243 2781 atque,
276 2701 362 2763 unde
394 2700 540 2778 proxime
572 2706 712 2779 poterat,
745 2701 873 2764 moenia
904 2700 1071 2778 situmque
1102 2699 1191 2761 urbis

96 2814 112 2859 4
133 2801 329 2880 obequitans
350 2799 645 2878 contemplabatur.
692 2801 731 2863 ld
751 2820 827 2863 eum
846 2806 917 2862 tam
936 2800 1071 2862 licenter
1091 2805 1192 2879 atque

133 2900 235 2962 otiose
253 2900 359 2963 facere
378 2900 494 2961 Flacco
512 2900 684 2978 indignum
703 2901 811 2961 visum
828 2905 894 2976 est,
924 2900 1037 2978 itaque
1055 2899 1192 2960 immisit

132 3001 259 3079 equites
288 2999 552 3078 summoverique
582 3006 683 3078 atque
713 2999 746 3059 in
778 3005 885 3060 castra
917 2999 1017 3076 redigi
1047 2998 1192 3061 hostiurn

96 3112 111 3155 5
132 3101 319 3178 equitatum
339 3100 442 3161 iussit.
487 3100 570 3161 Cum
591 3099 801 3161 commissum
821 3098 980 3177 proelium
999 3104 1094 3173 esset,
1117 3117 1191 3159 con-

132 3199 217 3262 sules
243 3200 429 3277 transfugas
457 3199 685 3274 Numidarum,
714 3199 769 3277 qui
796 3204 869 3259 tum
896 3198 929 3257 in
956 3198 1121 3260 Aventino
1148 3195 1191 3258 ad

132 3299 219 3362 mille
248 3306 281 3362 et
313 3300 445 3361 ducenti
474 3305 579 3373 erant,
611 3297 718 3361 media
748 3297 828 3360 urbe
859 3298 996 3359 transire
1027 3296 1191 3376 Esquilias

96 3399 305 3474 aiusserunt,
333 3399 439 3460 nullos
466 3399 609 3478 aptiores
634 3398 720 3460 inter
747 3397 911 3459 convalles
938 3403 1092 3475 tectaque
1118 3396 1191 3459 hor·

133 3506 243 3561 torum
271 3506 304 3561 et
333 3498 480 3578 sepulcra
509 3504 543 3560 et
573 3517 670 3559 cavas
699 3497 844 3576 undique
873 3497 944 3557 vias
973 3496 1015 3556 ad
1044 3516 1191 3575 pugnan-
