2496 3908
516 819 654 885 muna
674 814 798 885 'XXVI

577 1000 582 1009 ·
619 990 698 1051 1-15
736 1069 740 1074 g

98 1164 115 1212 1
173 1155 231 1219 Cn.
260 1154 396 1218 Fulvius
423 1153 624 1217 Centimalus
651 1155 688 1216 P.
717 1153 878 1234 Sulpicius
906 1152 1011 1218 Galba
1040 1154 1189 1221 consules

133 1275 206 1317 cum
243 1254 350 1317 idibus
387 1254 513 1316 Martiis
550 1253 779 1332 magistratum
816 1255 961 1330 inissent,
999 1260 1118 1317 senatu
1154 1256 1189 1316 in

131 1355 330 1434 Capitolium
364 1360 483 1416 vocato
517 1354 558 1416 de
592 1373 625 1416 re
659 1352 800 1432 publica,
830 1352 870 1416 de
903 1352 1190 1417 administratione

132 1454 216 1530 belli,
248 1454 287 1516 de
317 1453 492 1534 provinciis
521 1452 781 1531 exercitibusque
810 1458 921 1537 patres
943 1452 1189 1516 consuluertmt.

96 1554 170 1629 aQ.
204 1553 320 1615 Fulvio
352 1552 413 1632 Ap.
447 1552 593 1628 Claudi0,
627 1552 742 1631 prioris
774 1553 852 1614 anni
885 1551 1081 1629 consulibus,
1114 1573 1190 1632 pro-

131 1659 282 1733 rogatum
307 1653 480 1732 imperium
504 1658 553 1714 est
578 1658 679 1730 atque
702 1652 874 1727 exercitus,
901 1671 983 1730 quos
1007 1650 1190 1730 habebant,

132 1753 251 1815 decreti
286 1753 526 1831 adiectumque,
560 1771 601 1813 ne
634 1771 653 1812 a
687 1750 810 1830 Capua,
845 1770 946 1830 quam
979 1751 1189 1830 obsidebant,

96 1851 342 1915 eabscederent
373 1852 462 1931 prius
494 1870 594 1930 quam
625 1856 878 1929 expugnassent.
923 1851 972 1912 Ea
1004 1856 1078 1913 tum
1110 1871 1189 1915 cura

132 1953 273 2014 maxime
294 1952 438 2014 intentos
459 1950 603 2012 habebat
625 1950 802 2026 Romanos,
824 1970 890 2011 non
910 1949 953 2012 ab
973 1949 1020 2012 ira
1041 1956 1189 2029 tanturn,

132 2072 215 2132 quae
243 2052 277 2113 in
304 2051 428 2113 nullam
456 2070 614 2129 umquam
643 2050 813 2112 civitatem
840 2049 956 2112 iustior
981 2049 1057 2126 fuit,
1086 2070 1189 2130 quam

95 2168 110 2211 4
132 2152 220 2231 quod
246 2152 323 2213 urbs
350 2157 420 2212 tam
446 2151 562 2212 nobilis
589 2170 627 2211 ac
653 2157 781 2228 potens,
808 2149 892 2211 sicut
919 2149 1102 2213 deiectione
1127 2170 1189 2214 sua

131 2259 277 2314 traxerat
302 2251 428 2330 aliquot
453 2250 601 2330 populos,
627 2250 675 2311 ita
700 2256 830 2328 recepta
855 2248 1051 2312 inclinatura
1076 2270 1189 2314 rursus

65 2393 68 2398 -
95 2366 110 2409 s
131 2352 256 2414 animos
272 2352 447 2414 videbatur
461 2350 504 2412 ad
519 2349 638 2412 veteris
653 2349 780 2427 imperii
795 2356 989 2428 respectum.
1033 2349 1079 2413 Et
1094 2371 1189 2430 prae-

131 2451 256 2514 toribus
277 2451 392 2530 prioris
414 2451 501 2525 anni,
525 2450 568 2511 M.
592 2449 688 2510 Iunio
710 2450 744 2509 in
766 2449 909 2525 Etruria,
932 2449 969 2511 P.
993 2449 1188 2529 Sempronio

130 2552 163 2611 in
193 2551 307 2626 Gallia,
339 2569 412 2611 cum
442 2550 526 2612 binis
554 2549 744 2627 legionibus,
776 2569 858 2628 quas
886 2548 1082 2625 habuerant,
1112 2570 1188 2630 pro-

94 2657 281 2728 erogatum
316 2656 365 2712 est
401 2650 588 2729 imperium,
636 2655 848 2728 prorogatum
883 2655 917 2711 et
949 2649 996 2710 M.
1033 2649 1188 2713 Marcello

130 2755 167 2812 ut
190 2770 248 2830 pro
273 2749 402 2812 consule
424 2750 458 2810 in
481 2749 588 2812 Sicilia
611 2749 735 2827 reliqua
763 2748 838 2810 belli
861 2748 1029 2827 perficeret
1060 2769 1099 2811 eo
1131 2770 1188 2813 ex·

94 2851 242 2925 rercitu,
269 2870 366 2928 quem
391 2848 542 2925 haberet;
579 2849 605 2910 si
630 2848 858 2927 supplemento
883 2868 965 2927 opus
989 2854 1085 2924 esset,
1110 2869 1187 2929 sup-

129 2950 232 3029 pleret
266 2950 306 3012 de
341 2949 530 3027 legionibus,
567 2948 686 3028 quibus
721 2948 757 3009 P.
793 2947 960 3009 Cornelius
994 2955 1189 3027 propraetor

94 3051 163 3110 ain
191 3049 298 3112 Sicilia
326 3055 499 3128 praeesset,
530 3048 609 3110 dum
637 3067 677 3109 ne
706 3066 803 3126 quem
831 3046 969 3108 militem
997 3047 1118 3126 legeret
1145 3068 1184 3110 ex

129 3169 167 3211 eo
199 3168 345 3223 numero,
378 3148 497 3227 quibus
529 3154 662 3210 senatus
694 3146 881 3208 missionem
914 3146 1121 3226 reditumque
1153 3148 1186 3207 in

94 3248 272 3328 epatriam
309 3254 457 3326 negasset
494 3253 571 3308 ante
608 3246 683 3308 belli
715 3246 823 3307 finem.
891 3245 925 3307 C.
956 3245 1110 3325 Sulpicio,
1136 3246 1186 3308 cui

130 3348 237 3412 Sicilia
256 3353 419 3421 evenerat,
440 3347 523 3408 duae
542 3345 692 3424 legiones
713 3365 794 3424 quas
813 3345 849 3405 P.
868 3344 1036 3407 Cornelius
1055 3345 1186 3408 habuis-

130 3454 190 3524 set,
218 3448 366 3510 decretae
392 3453 426 3508 et
452 3445 717 3525 supplementum
744 3444 784 3506 de
809 3445 954 3506 exercitu
981 3445 1038 3507 Cn.
1067 3445 1185 3519 Fulvii,

616 3541 649 3591 92
1162 3543 1166 3552 .
