2496 3908
52 255 332 322 caraman]
549 255 638 304 nrvr
1054 243 1117 308 119

53 434 150 499 simul
181 440 215 497 et
244 433 312 513 ipse
335 440 444 512 patres
472 432 681 511 conscriptos
709 432 789 512 quid
815 440 957 511 pararet,
984 432 1115 496 edocet:

53 543 103 612 ut,
140 555 215 597 cum
249 534 282 594 in
316 533 453 594 Umbria
487 552 520 594 se
554 552 764 594 occursurum
798 532 986 595 Hasdrubal
1021 532 1116 594 fratri

54 636 188 710 scribat,
216 634 376 712 legionem
401 653 420 694 a
446 632 559 710 Capua
586 632 729 694 Romam
755 640 932 709 arcessant,
960 633 1116 695 dilectum
1137 651 1152 695 9

55 736 183 798 Romae
207 732 362 807 habeant,
387 732 567 794 exercitum
583 732 754 793 ‘urbanum
778 732 820 798 ad
845 733 1003 793 Narniam
1028 732 1115 794 hosti

56 839 238 914 opponant.
284 833 374 893 Haec
406 831 534 893 senatui
566 832 697 910 scripta.
743 833 915 893 Praemissi
947 832 1027 893 item
1059 848 1167 910 per10

56 954 173 1014 agrum
190 932 378 994 Larinatem
395 931 616 992 Marrucinum
633 931 835 993 Frentanum
852 931 1115 1007 Praetutianum,

57 1053 123 1112 qua
141 1032 321 1094 exercitum
339 1031 498 1092 ducturus
516 1037 596 1104 erat,
615 1036 654 1091 ut
672 1049 784 1091 omnes
803 1050 843 1093 ex
861 1031 946 1108 agris
964 1030 1115 1092 urbibus-

57 1152 121 1212 que
151 1137 354 1194 commeatus
382 1136 516 1208 paratos
543 1129 642 1215 militi
669 1129 711 1190 ad
739 1129 938 1191 vescendum
966 1130 999 1189 in
1028 1130 1117 1191 viam

58 1233 232 1306 deferrent,
251 1250 352 1309 equos
370 1230 582 1308 iumentaque
600 1229 664 1290 alia
682 1229 910 1307 producerent,
929 1235 967 1291 ut
985 1230 1118 1292 vehicu-

57 1332 164 1394 lorum
177 1330 268 1393 fessis
279 1330 371 1408 copia
386 1336 479 1391 esset.
526 1329 600 1408 Ipse
615 1329 655 1390 de
669 1335 741 1391 toto
751 1329 896 1391 exercitu
907 1329 1027 1391 civium
1037 1329 1117 1391 soci-

58 1450 218 1509 orumque
242 1429 331 1509 quod
361 1429 485 1490 roboris
508 1435 578 1491 erat
602 1428 731 1506 delegit,
756 1448 813 1490 sex
836 1429 925 1490 milia
954 1427 1115 1507 peditum,
1138 1442 1166 1487 11

58 1531 145 1593 mille
168 1530 295 1609 equites
302 1550 310 1605 ;
337 1528 531 1607 pronuntiat
554 1547 713 1606 occupare
735 1548 768 1590 se
791 1529 824 1588 in
847 1529 987 1590 Lucanis
1009 1529 1117 1606 proxi-

58 1651 148 1692 mam
166 1629 281 1691 urbem
296 1629 523 1707 Punicumque
548 1629 581 1688 in
605 1648 643 1689 ea
668 1628 866 1706 praesidium
891 1628 988 1690 velle:
1013 1634 1051 1690 ut
1076 1627 1118 1690 ad

58 1731 121 1793 iter
153 1729 262 1808 parati
296 1747 408 1790 omnes
441 1734 558 1790 essent.
629 1727 798 1789 Profectus
831 1734 928 1790 nocte
960 1727 1052 1790 flexit
1085 1728 1119 1789 in
1139 1743 1168 1787 12

59 1831 226 1892 Picenum.

101 1931 146 1991 Et
171 1929 281 1990 consul
306 1929 439 2008 quidem
462 1928 595 2008 quantis
619 1927 770 1990 maximis
793 1928 964 1991 itineribus
986 1935 1168 2007 poterat44

59 2030 101 2092 ad
130 2029 286 2106 collegam
313 2028 455 2089 ducebat
477 2028 589 2089 relicto
610 2029 648 2104 Q.
671 2027 764 2090 Catio
784 2028 904 2106 legate,
926 2028 982 2106 qui
1005 2029 1119 2090 castris

58 2135 235 2209 praeesset.
296 2127 421 2189 Rornae
456 2127 545 2189 haud
579 2129 687 2189 minus
719 2128 850 2190 terroris
882 2148 919 2189 ac
955 2128 1119 2190 turnultus

59 2235 141 2303 erat,
157 2247 258 2307 quam
272 2226 380 2288 fuerat
395 2226 525 2288 biennio
539 2233 627 2301 ante,
643 2246 717 2288 cum
733 2233 839 2288 castra
853 2227 977 2288 Punica
991 2227 1120 2289 obiecta

59 2327 220 2391 Romanis
241 2326 411 2388 moenibus
431 2326 600 2404 portisque
621 2326 777 2388 fuerant,
808 2326 922 2405 Neque
943 2327 1023 2388 satis
1045 2346 1120 2389 con-

59 2428 173 2491 stabat
190 2427 318 2502 animis,
336 2432 406 2488 tarn
423 2426 534 2488 audax
550 2426 612 2488 iter
635 2426 774 2488 consulis
796 2426 970 2488 laudarent
992 2427 1120 2505 vitupe-

60 2533 229 2601 rarentne,·
257 2526 449 2605 apparebat,
478 2545 544 2604 quo
571 2524 650 2586 nihil
678 2525 821 2605 iniquius
848 2531 908 2601 est,
931 2546 973 2588 ex
999 2533 1120 2589 eventu

40 2627 185 2688 lamam
217 2625 424 2687 habitururn:
469 2632 575 2686 castra
607 2644 708 2703 prope
740 2625 961 2688 Hannibalem
992 2625 1155 2688 hostem2

60 2727 173 2789 relicta
191 2725 259 2787 sine
276 2724 368 2800 duce,
387 2744 461 2785 curn
477 2724 632 2799 exercitu,
652 2725 703 2786 cui
720 2724 907 2786 detractum
923 2725 1008 2787 foret
1024 2744 1121 2788 omne

61 2825 150 2905 quod
171 2824 306 2900 roboris,
328 2823 417 2902 quod
438 2824 525 2885 floris
545 2824 654 2898 fuerit,
676 2830 709 2886 et
731 2824 896 2886 consulem
917 2825 951 2885 in
971 2823 1120 2888 Lucanos

61 2924 242 2987 ostendisse
264 2924 335 2999 iter,
359 2943 434 2985 cum
456 2923 612 2985 Picenum
633 2929 667 2984 et
689 2923 830 2986 Galliam
851 2930 989 3002 peteret,
1014 2930 1120 2987 castra
1140 2936 1155 2981 3

62 3025 300 3103 relinquentem
316 3023 405 3084 nulla
422 3023 485 3083 alia
502 3043 535 3084 re
552 3023 675 3085 tutiora
693 3042 793 3102 quam
810 3043 916 3085 errore
933 3023 1046 3100 hostis,
1064 3024 1120 3103 qui

62 3125 178 3187 ducem
210 3123 285 3184 inde
317 3129 417 3202 atque
448 3123 609 3184 exercitus
640 3128 768 3200 partem
800 3123 913 3186 abesse
946 3124 1155 3202 ignorarem

63 3223 148 3300 Quid
169 3224 329 3299 futurum,
351 3222 377 3284 si
398 3222 431 3283 id
453 3223 562 3300 palam
584 3221 652 3297 fiat,
675 3229 708 3285 et
729 3229 788 3284 aut
809 3223 935 3302 insequi
957 3224 1120 3286 Neronem

64 3345 137 3386 cum
165 3344 223 3385 sex
250 3322 381 3384 milibus
409 3328 611 3383 armatorum
639 3323 823 3400 profectum
852 3324 1018 3386 Hannibal
1047 3329 1119 3386 toto

64 3425 208 3486 exercitu
236 3422 315 3484 velit
342 3428 400 3483 aut
429 3427 535 3482 castra
563 3421 717 3483 invadere
744 3423 885 3500 praedae
912 3422 1024 3486 relicta
1051 3424 1119 3487 sine

65 3523 197 3597 viribus,
219 3522 287 3583 sine
307 3521 449 3600 imperio,
472 3521 540 3581 sine
571 3521 735 3599 auspicio?
791 3521 923 3590 Veteres
950 3523 1017 3586 eius
1044 3523 1153 3585 bellib
