2496 3908
115 216 177 278 132
595 226 685 276 nrvr
762 264 767 272 .
970 225 1065 291 [noos
1077 227 1166 277 xxx

114 402 261 466 ducibus.
305 403 369 466 Sed
387 403 563 482 praeterita
581 404 685 482 magis
703 403 893 482 reprehendi
910 410 1049 483 possunt
1067 424 1169 484 quam

78 463 336 664 ecorrsslta
370 503 475 565 aliena
509 503 740 582 appetivimus,
775 509 814 565 ut
848 503 888 566 de
921 503 1040 566 nostris
1074 503 1169 566 dimi·

115 622 186 665 care
263 651 270 677 ,
287 622 345 665 nec
361 603 394 663 in
409 602 507 664 Italia
523 602 628 665 solum
643 603 737 665 nobis
752 602 883 679 bellum,
900 603 993 666 vobis
1008 603 1043 664 in
1057 603 1168 666 Africa

114 709 207 778 esset,
224 702 330 764 sedet
346 722 405 764 vos
421 702 455 762 in
470 702 573 781 portis
589 702 706 765 vestris
722 722 822 781 prope
837 723 875 765 ac
891 702 1061 765 moenibus
1076 704 1168 782 signa

114 822 269 882 armaque
287 801 432 864 hostium
451 801 580 864 vidistis
597 808 631 864 et
649 797 708 864 nos
727 802 769 864 ab
787 801 982 880 Carthagine
999 803 1168 866 fremitum

79 909 295 964 acastrorum
332 902 558 964 Romanorum
594 899 798 964 exaudimus.
843 902 938 977 Quod
974 903 1074 981 igitur
1109 923 1168 965 nos

114 1003 256 1063 maxime
287 1001 561 1078 abominaremur,
594 1022 654 1064 vos
685 1007 762 1064 ante
794 1003 902 1064 omnia
934 1002 1103 1082 optaretis,
1135 1003 1168 1064 in

114 1100 245 1162 meliore
265 1107 374 1163 vestra
394 1101 528 1163 fortuna
549 1101 590 1165 de
609 1121 690 1181 pace
710 1102 827 1180 agitur.
872 1102 1007 1180 Agimus
1027 1102 1066 1178 ei,
1088 1122 1168 1182 quo-

114 1220 186 1261 rum
205 1207 239 1263 et
259 1200 401 1262 maxime
420 1201 556 1263 interest
576 1221 690 1280 pacem
710 1221 787 1276 esse,
808 1201 918 1280 etqui
938 1201 1169 1282 quodcumque

113 1300 281 1378 egerimus,
297 1306 407 1362 ratum
422 1301 572 1362 civitates
587 1307 718 1363 nostrae
731 1300 903 1363 habiturae
917 1307 1004 1362 sunt.
1049 1300 1168 1363 Animo

114 1406 246 1462 tantum
264 1399 358 1461 nobis
377 1419 459 1478 opus
477 1406 527 1462 est
545 1420 611 1461 non
630 1398 825 1462 abhorrente
843 1420 862 1461 a
880 1399 999 1479 quietis
1017 1400 1167 1464 consiliis.

64 1511 93 1557 10
114 1500 209 1575 Quod
230 1499 272 1561 ad
293 1519 345 1561 me
365 1499 497 1576 attinet,
520 1500 586 1561 iam
606 1507 697 1561 aetas
717 1519 827 1561 senem
848 1499 881 1559 in
901 1487 1043 1578 patriam
1063 1519 1169 1563 rever·
1200 1503 1202 1507 '

114 1605 250 1675 tentem,
279 1599 366 1661 unde
395 1619 474 1678 puer
503 1600 668 1679 profectus
696 1618 778 1674 sum,
809 1599 874 1659 iam
902 1598 1073 1675 secundae,
1103 1599 1168 1661 iam

113 1699 269 1761 adversae
300 1719 349 1760 res
380 1700 426 1761 ita
457 1699 656 1774 erudierunt,
687 1705 725 1761 ut
756 1699 916 1760 rationem
946 1699 1037 1777 sequi
1068 1718 1169 1778 quam

65 1809 92 1853 11
113 1800 282 1861 fortunam
305 1789 446 1874 malim,
468 1805 561 1860 tuam
584 1804 617 1860 et
640 1797 896 1860 adulescentiam
918 1804 952 1861 et
974 1804 1169 1877 perpetuam

114 1899 315 1972 felicitatem,
351 1897 507 1959 ferociora
541 1904 681 1976 utraque
716 1917 816 1976 quam
851 1897 969 1976 quietis
1003 1917 1086 1976 opus
1120 1904 1169 1961 cst

116 1998 264 2072 consiliis
294 2005 415 2059 metue.
461 1998 535 2058 Non
563 2004 683 2060 temere
711 1997 834 2058 incerta
856 2017 997 2061 ,casuum
1024 2004 1168 2076 reputat,

66 2110 93 2153 12
115 2119 212 2178 quem
248 2097 381 2158 fortuna
417 2083 598 2175 numquam
635 2097 772 2174 decepit.
817 2096 913 2172 Quod
948 2116 1007 2175 ego
1043 2096 1091 2159 fui
1127 2096 1170 2158 ad

114 2199 384 2272 Trasumennum,
420 2196 463 2258 ad
496 2196 634 2272 Cannas,
669 2196 703 2258 id
736 2202 774 2258 tu
808 2195 904 2258 hodie
936 2216 980 2258 es.
1025 2195 1170 2259 Vixdum

115 2298 247 2360 militari
275 2302 385 2358 aetate
414 2296 549 2375 imperio
578 2301 712 2374 accepto
741 2296 850 2357 omnia
879 2294 1094 2358 audacissime
1122 2296 1169 2357 in-

66 2408 94 2451 13
116 2398 289 2476 cipientem
322 2416 485 2475 nusquam
518 2395 633 2458 fefellit
665 2395 808 2457 fortuna.
853 2395 960 2457 Patris
993 2400 1026 2457 et
1059 2395 1168 2474 patrui

115 2504 303 2576 persecutus
329 2503 468 2557 mortem
494 2515 535 2557 ex
561 2495 751 2557 calamitate
777 2501 904 2556 vestrae
930 2494 1046 2556 domus
1072 2495 1170 2557 decus

116 2597 239 2674 insigne
276 2596 409 2657 virtutis
446 2595 643 2674 pietatisque
680 2595 818 2656 eximiae
856 2593 968 2672 cepisti
976 2614 984 2670 ;
1034 2594 1170 2656 amissas

117 2697 292 2775 Hispanias
319 2695 505 2773 reciperasti
532 2700 691 2773 quattuor
717 2694 792 2755 inde
817 2693 948 2755 Punicis
973 2693 1170 2756 exercitibus

68 2808 95 2852 14
117 2797 231 2874 pulsis;
264 2795 373 2856 consul
395 2801 532 2869 creatus
554 2814 628 2855 cum
648 2794 761 2855 ceteris
780 2793 822 2855 ad
841 2793 1018 2854 tutandam
1037 2793 1169 2855 Italiam

116 2916 233 2975 parum
255 2895 355 2956 animi
377 2901 471 2968 esset,
495 2899 713 2971 transgressus
735 2892 768 2953 in
790 2892 944 2967 Africam,
968 2892 1096 2954 duobus
1118 2892 1169 2953 hio

116 2995 311 3058 exercitibus
329 2995 437 3068 caesis,
456 2993 540 3054 binis
557 2993 671 3054 eadem
688 2991 767 3053 hora
785 2992 889 3070 captis
906 2991 1001 3052 simul
1018 2992 1170 3054 incensis·

117 3116 180 3176 que
198 3095 320 3168 castris,
339 3093 488 3171 Syphace
505 3091 733 3170 potentissimo
750 3111 822 3168 rege
841 3098 948 3170 capt0,
967 3098 1018 3153 tot
1035 3091 1170 3153 urbibus

117 3196 205 3274 regni
221 3195 299 3268 eiua,
317 3200 368 3255 tot
385 3193 487 3254 nostri
504 3191 630 3270 imperii
646 3191 774 3268 ereptis,
792 3211 844 3252 me
860 3198 991 3252 sextum
1007 3191 1170 3253 decimum

118 3298 328 3358 lemannum
353 3293 540 3353 haerentem
565 3291 598 3352 in
622 3289 821 3369 possessione
846 3290 962 3351 ltaliae
987 3291 1169 3352 detraxisti.

117 3398 230 3457 Potest
269 3393 440 3454 victoriam
478 3391 574 3452 malle
612 3409 712 3468 quam
749 3408 864 3466 pacem
901 3389 1038 3450 animus
1085 3390 1170 3451 Novi

67 3505 95 3549 15
117 3495 249 3575 spiritus
276 3512 411 3571 magnos
438 3491 541 3568 magis
568 3508 667 3568 quam
694 3488 790 3550 utiles
797 3508 805 3563 ;
845 3494 878 3549 et
905 3488 984 3549 mihi
1012 3489 1087 3550 talis
1114 3489 1169 3550 ali-

722 3588 732 3611 .
