2496 3908
119 251 160 314 80
599 260 689 311 mvr
832 281 833 285 =
967 259 1066 324 [noox
1084 260 1174 311 xx11.

119 439 240 500 occisis.
285 437 437 501 Ceterum
475 437 656 501 victoribus
693 436 795 500 effuse
833 435 1047 516 sequentibus
1086 442 1178 502 metu

84 538 310 600 ainsidiarum
336 538 467 601 obstitit
494 538 616 601 Paulus
645 538 767 614 consul,
796 538 887 600 ouius
914 557 952 600 eo
980 536 1179 608 die—nam

119 637 251 701 alternis
280 637 569 717 imperitabant—
582 639 757 718 imperium
784 644 867 714 erat,
898 638 1044 700 Varrone
1073 636 1179 715 indig-

118 744 219 800 nante
236 758 274 800 ac
292 737 492 800 vociferante
510 738 665 800 emissum
682 737 812 801 hostem
829 758 847 801 e
865 736 1018 799 manibus
1036 735 1178 800 debella-

82 856 98 899 4
119 841 219 917 rique,
237 839 270 899 ni
288 844 451 900 cessatum
467 838 562 913 soret,
580 838 735 917 potuisse.
782 832 949 899 Hannibal
965 836 1000 899 id
1017 837 1179 900 damnum

118 937 207 999 haud
230 938 404 1016 aegerrime
428 938 514 1016 pati;
550 938 629 1017 quin
653 938 763 1016 potius
788 937 916 1001 eredere
939 936 1031 1000 velut
1054 937 1179 999 inesca-

118 1022 188 1099 tam
208 1038 429 1100 temeritatem
448 1037 612 1101 ferocioris
633 1038 773 1100 consulis
793 1058 832 1100 ac
850 1056 1014 1099 novorum
1034 1037 1178 1100 maxime

83 1137 260 1199 smilitum
284 1157 363 1200 esse.
409 1137 453 1200 Et
479 1138 590 1199 omnia
608 1138 644 1200 'ei
670 1136 816 1199 hostium
842 1137 932 1199 haud
957 1156 1050 1200 secus
1076 1156 1179 1216 quam

117 1257 176 1298 sua
195 1244 274 1299 nota
293 1243 404 1313 erant:
436 1237 606 1300 dissimiles
625 1237 855 1316 discordesque
874 1237 1074 1316 imperitare,
1095 1238 1179 1300 duas

82 1350 97 1394 6
118 1357 218 1416 prope
241 1345 350 1416 partes
373 1337 518 1399 tironum
541 1337 684 1400 militum
707 1338 741 1399 in
763 1337 910 1400 exercitu
932 1356 1011 1401 esse.
1057 1337 1179 1417 Itaque

117 1436 225 1498 locum
248 1444 282 1499 et
305 1443 441 1515 tempus⁴
459 1437 584 1499 insidiis
608 1444 726 1515 aptum
749 1457 783 1500 se
807 1436 927 1500 habere
951 1443 1054 1512 ratus
1079 1443 1180 1500 noete

119 1537 266 1615 proxima
290 1535 368 1597 nihil
392 1543 522 1615 praeter
544 1557 636 1599 arma
658 1537 784 1600 ferente
806 1557 918 1601 secum
941 1537 1045 1600 milite
1069 1544 1179 1601 castra

118 1635 213 1714 plena
250 1637 355 1697 omnis
391 1636 543 1699 fortunae
580 1635 730 1715 publicae
768 1627 984 1716 privataeque
1021 1637 1179 1717 relinquit

83 1755 97 1801 r
119 1743 273 1814 transque
297 1737 462 1814 proximos
487 1737 608 1798 montis
631 1736 726 1798 laeva
749 1737 876 1815 pedites
899 1737 1079 1800 instructos
1103 1758 1179 1800 oon-

119 1835 177 1909 dit,
200 1836 316 1898 dextra
335 1837 473 1914 equites,
495 1835 731 1914 impedimenta
752 1857 810 1915 per
830 1836 1013 1899 convallem
1034 1837 1179 1900 mediam

83 1955 97 1999 a
119 1935 272 2009 traducit,
301 1942 338 1997 ut
366 1936 554 2015 diripiendis
582 1936 673 1999 velut
700 1936 836 1999 desertis
862 1937 942 2015 fuga
968 1937 1179 1999 dominorum

119 2035 232 2096 castris
268 2042 466 2114 occupatum
502 2035 765 2114 impeditumque
800 2035 930 2098 hostem
966 2036 1178 2115 opprimeret.

83 2134 227 2196 eCrebri
254 2134 355 2196 relicti
381 2135 414 2194 in
440 2135 554 2196 castris
580 2135 679 2212 ignes,
706 2141 744 2198 ut
769 2135 851 2220 fides
874 2135 977 2211 fieret,
1004 2135 1085 2198 dum
1109 2136 1180 2216 ipse

118 2233 244 2312 longius
270 2235 415 2313 spatium
439 2235 517 2312 fuga
543 2235 755 2313 praeciperet,
781 2235 864 2297 falsa
889 2235 1030 2314 imagine
1056 2242 1179 2298 castro·

119 2353 201 2408 rum,
227 2334 311 2395 sieut
337 2333 477 2396 Fabium
502 2334 607 2413 priore
632 2354 719 2396 anno
744 2335 924 2398 frustratus
947 2340 1042 2411 esset,
1068 2340 1180 2398 tenere

120 2433 246 2495 in'locis
263 2433 408 2496 consules
425 2434 574 2496 voluisse.

68 2548 111 2597 42
162 2534 227 2596 Ubi
261 2533 377 2609 illuxit,
407 2532 589 2597 subductae
622 2534 728 2614 primo
758 2535 931 2611 stationes,
961 2534 1078 2597 deinde
1107 2555 1180 2614 pro-

120 2635 192 2713 pius
215 2633 413 2696 adeuntibus
435 2633 604 2696 insolitum
625 2634 792 2697 silentium
814 2635 1067 2698 admirationem
1089 2635 1179 2697 feeit.

83 2750 97 2794 2
119 2735 204 2796 Tum
230 2734 310 2795 satis
338 2739 505 2812 comperta
532 2733 709 2797 solitudine
735 2735 769 2794 in
797 2735 912 2796 castris
940 2753 1115 2797 concursus
1142 2735 1180 2796 fit

119 2834 161 2895 ad
181 2833 344 2912 praetoria
364 2832 534 2894 consulum
552 2833 782 2896 nuntiantium
800 2834 914 2912 fugam
933 2833 1078 2896 hostium
1097 2833 1180 2896 adeo

119 2932 282 3012 trepidam
314 2939 351 2994 ut
385 2932 605 2995 tabernaculis
637 2932 804 2995 stantibus
837 2939 944 2994 castra
977 2933 1178 3012 reliquerint,

119 3053 248 3112 quoque
267 3033 345 3110 fuga
364 3017 532 3095 obscurior
549 3040 644 3108 esset,
662 3032 790 3095 crebros
808 3033 910 3094 etiam
930 3032 1059 3094 relictos
1078 3033 1178 3112 ignes.

84 3149 98 3192 3
118 3133 248 3194 Clamor
263 3132 338 3194 inde
355 3139 456 3207 ortua,
474 3139 512 3194 ut
529 3133 621 3211 signa
637 3132 773 3211 proferri
790 3131 939 3194 iuberent
957 3132 1180 3211 ducerentque

119 3232 161 3294 ad
176 3231 416 3311 persequendos
431 3231 542 3294 hostes
558 3252 595 3293 ac
611 3231 761 3310 protinus
778 3237 884 3292 castra
897 3232 1089 3311 diripienda.
1135 3232 1180 3294 Et

120 3331 230 3393 consul
244 3331 327 3393 alter
339 3330 431 3393 velut
444 3351 529 3393 unus
542 3329 658 3393 turbae
671 3330 820 3392 militaris
832 3337 919 3405 erat;
944 3330 1066 3391 Paulus
1077 3331 1180 3393 etiam

83 3449 98 3492 4
119 3439 219 3510 atque
238 3431 339 3493 etiam
360 3430 465 3493 dicere
484 3429 726 3509 providendum
745 3430 1074 3508 praecavendumque
1094 3451 1178 3507 esse3

120 3536 295 3609 postremo,
329 3548 403 3591 cum
435 3530 530 3592 aliter
560 3548 666 3608 neque
697 3528 893 3592 seditionem
924 3549 1029 3608 neque
1061 3530 1180 3592 ducem
