<?xml version="1.0" encoding="UTF-8"?>
<!DOCTYPE html PUBLIC "-//W3C//DTD XHTML 1.0 Transitional//EN"
    "http://www.w3.org/TR/xhtml1/DTD/xhtml1-transitional.dtd">
<html xmlns="http://www.w3.org/1999/xhtml" xml:lang="en" lang="en">
 <head>
  <title>
</title>
<meta http-equiv="Content-Type" content="text/html;charset=utf-8" />
  <meta name='ocr-system' content='tesseract 3.04.00' />
  <meta name='ocr-capabilities' content='ocr_page ocr_carea ocr_par ocr_line ocrx_word'/>
</head>
<body>
  <div class='ocr_page' id='page_1' title='image "./livysecondpunic00livygoog_0143.png"; bbox 0 0 2496 3908; ppageno 0'>
   <div class='ocr_carea' id='block_1_1' title="bbox 120 227 1172 306">
    <p class='ocr_par' dir='ltr' id='par_1_1' title="bbox 120 227 1172 306">
     <span class='ocr_line' id='line_1_1' title="bbox 120 227 1172 306; baseline -0.003 -13"><span class='ocrx_word' id='word_1_1' title='bbox 120 231 183 294; x_wconf 84' lang='lat'>116</span> <span class='ocrx_word' id='word_1_2' title='bbox 582 241 691 292; x_wconf 67' lang='lat' dir='ltr'>⁴urvr</span> <span class='ocrx_word' id='word_1_3' title='bbox 946 227 1172 306; x_wconf 71' lang='lat' dir='ltr'>[nooxxxvr&#39;r.</span> 
     </span>
    </p>
   </div>
   <div class='ocr_carea' id='block_1_2' title="bbox 39 416 1177 3587">
    <p class='ocr_par' dir='ltr' id='par_1_2' title="bbox 39 416 1177 3587">
     <span class='ocr_line' id='line_1_2' title="bbox 119 416 1174 497; baseline -0.001 -18"><span class='ocrx_word' id='word_1_4' title='bbox 119 417 215 496; x_wconf 92' lang='lat' dir='ltr'>pecti,</span> <span class='ocrx_word' id='word_1_5' title='bbox 247 416 335 496; x_wconf 92' lang='lat' dir='ltr'>quod</span> <span class='ocrx_word' id='word_1_6' title='bbox 365 416 444 478; x_wconf 91' lang='lat' dir='ltr'>nihil</span> <span class='ocrx_word' id='word_1_7' title='bbox 474 417 575 480; x_wconf 88' lang='lat' dir='ltr'>silvae</span> <span class='ocrx_word' id='word_1_8' title='bbox 604 437 710 497; x_wconf 93' lang='lat' dir='ltr'>neque</span> <span class='ocrx_word' id='word_1_9' title='bbox 739 417 781 480; x_wconf 91' lang='lat' dir='ltr'>ad</span> <span class='ocrx_word' id='word_1_10' title='bbox 812 417 944 480; x_wconf 88' lang='lat' dir='ltr'>insidias</span> <span class='ocrx_word' id='word_1_11' title='bbox 973 417 1174 480; x_wconf 81' lang='lat' dir='ltr'>latebrarum</span> 
     </span>
     <span class='ocr_line' id='line_1_3' title="bbox 84 516 1174 596; baseline 0.001 -18"><span class='ocrx_word' id='word_1_12' title='bbox 84 534 98 578; x_wconf 79' lang='lat'>5</span> <span class='ocrx_word' id='word_1_13' title='bbox 120 516 295 579; x_wconf 80' lang='lat' dir='ltr'>habebant.</span> <span class='ocrx_word' id='word_1_14' title='bbox 341 518 381 579; x_wconf 94' lang='lat' dir='ltr'>In</span> <span class='ocrx_word' id='word_1_15' title='bbox 401 517 508 578; x_wconf 89' lang='lat' dir='ltr'>medio</span> <span class='ocrx_word' id='word_1_16' title='bbox 530 536 645 596; x_wconf 90' lang='lat' dir='ltr'>campo</span> <span class='ocrx_word' id='word_1_17' title='bbox 665 518 707 580; x_wconf 90' lang='lat' dir='ltr'>ab</span> <span class='ocrx_word' id='word_1_18' title='bbox 727 518 926 580; x_wconf 90' lang='lat' dir='ltr'>stationibus</span> <span class='ocrx_word' id='word_1_19' title='bbox 945 523 1174 596; x_wconf 80' lang='lat' dir='ltr'>procursantes</span> 
     </span>
     <span class='ocr_line' id='line_1_4' title="bbox 120 615 1174 694; baseline 0 -15"><span class='ocrx_word' id='word_1_20' title='bbox 120 617 297 679; x_wconf 87' lang='lat' dir='ltr'>certamina</span> <span class='ocrx_word' id='word_1_21' title='bbox 327 616 414 678; x_wconf 92' lang='lat' dir='ltr'>haud</span> <span class='ocrx_word' id='word_1_22' title='bbox 444 617 524 678; x_wconf 86' lang='lat' dir='ltr'>satis</span> <span class='ocrx_word' id='word_1_23' title='bbox 553 615 651 694; x_wconf 89' lang='lat' dir='ltr'>digna</span> <span class='ocrx_word' id='word_1_24' title='bbox 680 617 771 679; x_wconf 86' lang='lat' dir='ltr'>dictu</span> <span class='ocrx_word' id='word_1_25' title='bbox 799 617 961 685; x_wconf 80' lang='lat' dir='ltr'>serebant.</span> <span class='ocrx_word' id='word_1_26' title='bbox 1006 616 1048 678; x_wconf 92' lang='lat' dir='ltr'>Id</span> <span class='ocrx_word' id='word_1_27' title='bbox 1077 617 1174 679; x_wconf 94' lang='lat' dir='ltr'>modo</span> 
     </span>
     <span class='ocr_line' id='line_1_5' title="bbox 120 716 1173 796; baseline 0 -18"><span class='ocrx_word' id='word_1_28' title='bbox 120 716 306 778; x_wconf 89' lang='lat' dir='ltr'>Romanum</span> <span class='ocrx_word' id='word_1_29' title='bbox 320 735 473 795; x_wconf 90' lang='lat' dir='ltr'>quaerere</span> <span class='ocrx_word' id='word_1_30' title='bbox 487 716 679 795; x_wconf 78' lang='lat' dir='ltr'>apparebat,</span> <span class='ocrx_word' id='word_1_31' title='bbox 693 736 733 778; x_wconf 92' lang='lat' dir='ltr'>ne</span> <span class='ocrx_word' id='word_1_32' title='bbox 746 717 835 779; x_wconf 90' lang='lat' dir='ltr'>abire</span> <span class='ocrx_word' id='word_1_33' title='bbox 848 717 976 779; x_wconf 87' lang='lat' dir='ltr'>hostem</span> <span class='ocrx_word' id='word_1_34' title='bbox 988 721 1173 796; x_wconf 90' lang='lat' dir='ltr'>pateretur:</span> 
     </span>
     <span class='ocr_line' id='line_1_6' title="bbox 120 815 1174 895; baseline 0.002 -19"><span class='ocrx_word' id='word_1_35' title='bbox 120 816 284 878; x_wconf 87' lang='lat' dir='ltr'>Hannibal</span> <span class='ocrx_word' id='word_1_36' title='bbox 315 815 390 877; x_wconf 92' lang='lat' dir='ltr'>inde</span> <span class='ocrx_word' id='word_1_37' title='bbox 418 815 556 878; x_wconf 91' lang='lat' dir='ltr'>evadere</span> <span class='ocrx_word' id='word_1_38' title='bbox 586 817 718 895; x_wconf 88' lang='lat' dir='ltr'>cupiens</span> <span class='ocrx_word' id='word_1_39' title='bbox 747 817 827 879; x_wconf 89' lang='lat' dir='ltr'>totis</span> <span class='ocrx_word' id='word_1_40' title='bbox 855 815 980 878; x_wconf 92' lang='lat' dir='ltr'>viribus</span> <span class='ocrx_word' id='word_1_41' title='bbox 1000 816 1043 877; x_wconf 80' lang='lat' dir='ltr'>&#39;in</span> <span class='ocrx_word' id='word_1_42' title='bbox 1072 817 1174 880; x_wconf 89' lang='lat' dir='ltr'>aciem</span> 
     </span>
     <span class='ocr_line' id='line_1_7' title="bbox 83 915 1174 995; baseline 0.001 -18"><span class='ocrx_word' id='word_1_43' title='bbox 83 925 98 970; x_wconf 87' lang='lat'>6</span> <span class='ocrx_word' id='word_1_44' title='bbox 119 915 346 978; x_wconf 91' lang='lat' dir='ltr'>descendebat.</span> <span class='ocrx_word' id='word_1_45' title='bbox 391 916 476 976; x_wconf 90' lang='lat' dir='ltr'>Tum</span> <span class='ocrx_word' id='word_1_46' title='bbox 492 915 603 977; x_wconf 91' lang='lat' dir='ltr'>consul</span> <span class='ocrx_word' id='word_1_47' title='bbox 619 915 747 995; x_wconf 90' lang='lat' dir='ltr'>ingenio</span> <span class='ocrx_word' id='word_1_48' title='bbox 763 916 866 978; x_wconf 90' lang='lat' dir='ltr'>hostis</span> <span class='ocrx_word' id='word_1_49' title='bbox 880 934 968 991; x_wconf 88' lang='lat' dir='ltr'>usus,</span> <span class='ocrx_word' id='word_1_50' title='bbox 985 917 1174 995; x_wconf 89' lang='lat' dir='ltr'>quominus</span> 
     </span>
     <span class='ocr_line' id='line_1_8' title="bbox 120 1014 1174 1095; baseline 0.002 -20"><span class='ocrx_word' id='word_1_51' title='bbox 120 1015 151 1075; x_wconf 94' lang='lat' dir='ltr'>in</span> <span class='ocrx_word' id='word_1_52' title='bbox 172 1022 241 1077; x_wconf 92' lang='lat' dir='ltr'>tam</span> <span class='ocrx_word' id='word_1_53' title='bbox 262 1015 383 1094; x_wconf 91' lang='lat' dir='ltr'>apertis</span> <span class='ocrx_word' id='word_1_54' title='bbox 405 1014 539 1077; x_wconf 91' lang='lat' dir='ltr'>collibus</span> <span class='ocrx_word' id='word_1_55' title='bbox 559 1015 667 1078; x_wconf 91' lang='lat' dir='ltr'>timeri</span> <span class='ocrx_word' id='word_1_56' title='bbox 687 1014 822 1078; x_wconf 90' lang='lat' dir='ltr'>insidiae</span> <span class='ocrx_word' id='word_1_57' title='bbox 842 1020 1007 1094; x_wconf 88' lang='lat' dir='ltr'>poterant,</span> <span class='ocrx_word' id='word_1_58' title='bbox 1029 1016 1174 1095; x_wconf 89' lang='lat' dir='ltr'>quinque</span> 
     </span>
     <span class='ocr_line' id='line_1_9' title="bbox 120 1114 1174 1195; baseline 0 -18"><span class='ocrx_word' id='word_1_59' title='bbox 120 1116 267 1177; x_wconf 86' lang='lat' dir='ltr'>cohortes</span> <span class='ocrx_word' id='word_1_60' title='bbox 284 1114 406 1177; x_wconf 91' lang='lat' dir='ltr'>additis</span> <span class='ocrx_word' id='word_1_61' title='bbox 424 1115 568 1194; x_wconf 90' lang='lat' dir='ltr'>quinque</span> <span class='ocrx_word' id='word_1_62' title='bbox 585 1115 761 1194; x_wconf 89' lang='lat' dir='ltr'>manipulis</span> <span class='ocrx_word' id='word_1_63' title='bbox 778 1120 875 1178; x_wconf 89' lang='lat' dir='ltr'>nocte</span> <span class='ocrx_word' id='word_1_64' title='bbox 891 1115 1004 1194; x_wconf 89' lang='lat' dir='ltr'>iugum</span> <span class='ocrx_word' id='word_1_65' title='bbox 1021 1134 1174 1195; x_wconf 90' lang='lat' dir='ltr'>superare</span> 
     </span>
     <span class='ocr_line' id='line_1_10' title="bbox 83 1215 1174 1293; baseline 0 -17"><span class='ocrx_word' id='word_1_66' title='bbox 83 1221 151 1276; x_wconf 76' lang='lat' dir='ltr'>ret</span> <span class='ocrx_word' id='word_1_67' title='bbox 179 1215 211 1275; x_wconf 94' lang='lat' dir='ltr'>in</span> <span class='ocrx_word' id='word_1_68' title='bbox 239 1215 360 1277; x_wconf 88' lang='lat' dir='ltr'>aversis</span> <span class='ocrx_word' id='word_1_69' title='bbox 388 1215 527 1276; x_wconf 86' lang='lat' dir='ltr'>vallibus</span> <span class='ocrx_word' id='word_1_70' title='bbox 556 1215 721 1277; x_wconf 89' lang='lat' dir='ltr'>considere</span> <span class='ocrx_word' id='word_1_71' title='bbox 747 1215 848 1278; x_wconf 91' lang='lat' dir='ltr'>iubet.</span> <span class='ocrx_word' id='word_1_72' title='bbox 893 1215 1037 1293; x_wconf 87' lang='lat' dir='ltr'>Tempus</span> <span class='ocrx_word' id='word_1_73' title='bbox 1064 1234 1174 1277; x_wconf 81' lang='lat' dir='ltr'>exsur-</span> 
     </span>
     <span class='ocr_line' id='line_1_11' title="bbox 118 1314 1174 1394; baseline 0 -18"><span class='ocrx_word' id='word_1_74' title='bbox 118 1315 213 1393; x_wconf 91' lang='lat' dir='ltr'>gendi</span> <span class='ocrx_word' id='word_1_75' title='bbox 244 1334 285 1376; x_wconf 84' lang='lat' dir='ltr'>ex</span> <span class='ocrx_word' id='word_1_76' title='bbox 315 1315 438 1376; x_wconf 91' lang='lat' dir='ltr'>insidiis</span> <span class='ocrx_word' id='word_1_77' title='bbox 468 1320 501 1376; x_wconf 90' lang='lat' dir='ltr'>et</span> <span class='ocrx_word' id='word_1_78' title='bbox 532 1315 742 1394; x_wconf 90' lang='lat' dir='ltr'>adgrediendi</span> <span class='ocrx_word' id='word_1_79' title='bbox 758 1314 901 1377; x_wconf 51' lang='lat' dir='ltr'>&gt;hostem</span> <span class='ocrx_word' id='word_1_80' title='bbox 930 1315 978 1376; x_wconf 89' lang='lat' dir='ltr'>Ti.</span> <span class='ocrx_word' id='word_1_81' title='bbox 1000 1314 1174 1377; x_wconf 87' lang='lat' dir='ltr'>Claudium</span> 
     </span>
     <span class='ocr_line' id='line_1_12' title="bbox 118 1414 1173 1493; baseline 0.001 -19"><span class='ocrx_word' id='word_1_82' title='bbox 118 1414 262 1476; x_wconf 88' lang='lat' dir='ltr'>Asellum</span> <span class='ocrx_word' id='word_1_83' title='bbox 288 1415 457 1477; x_wconf 90' lang='lat' dir='ltr'>tribunum</span> <span class='ocrx_word' id='word_1_84' title='bbox 483 1415 625 1477; x_wconf 92' lang='lat' dir='ltr'>militum</span> <span class='ocrx_word' id='word_1_85' title='bbox 650 1419 684 1477; x_wconf 90' lang='lat' dir='ltr'>et</span> <span class='ocrx_word' id='word_1_86' title='bbox 709 1415 745 1477; x_wconf 93' lang='lat' dir='ltr'>P.</span> <span class='ocrx_word' id='word_1_87' title='bbox 772 1415 945 1477; x_wconf 85' lang='lat' dir='ltr'>Claudium</span> <span class='ocrx_word' id='word_1_88' title='bbox 970 1414 1173 1493; x_wconf 88' lang='lat' dir='ltr'>praefectum</span> 
     </span>
     <span class='ocr_line' id='line_1_13' title="bbox 83 1513 1174 1594; baseline 0.003 -21"><span class='ocrx_word' id='word_1_89' title='bbox 83 1528 97 1573; x_wconf 82' lang='lat' dir='ltr'>s</span> <span class='ocrx_word' id='word_1_90' title='bbox 118 1515 241 1576; x_wconf 88' lang='lat' dir='ltr'>socium</span> <span class='ocrx_word' id='word_1_91' title='bbox 263 1513 387 1590; x_wconf 79' lang='lat' dir='ltr'>edocet,</span> <span class='ocrx_word' id='word_1_92' title='bbox 410 1534 492 1594; x_wconf 92' lang='lat' dir='ltr'>quos</span> <span class='ocrx_word' id='word_1_93' title='bbox 514 1535 588 1577; x_wconf 91' lang='lat' dir='ltr'>cum</span> <span class='ocrx_word' id='word_1_94' title='bbox 610 1515 647 1576; x_wconf 92' lang='lat' dir='ltr'>iis</span> <span class='ocrx_word' id='word_1_95' title='bbox 668 1515 835 1577; x_wconf 88' lang='lat' dir='ltr'>mittebat.</span> <span class='ocrx_word' id='word_1_96' title='bbox 881 1515 956 1593; x_wconf 90' lang='lat' dir='ltr'>Ipse</span> <span class='ocrx_word' id='word_1_97' title='bbox 976 1514 1048 1577; x_wconf 92' lang='lat' dir='ltr'>luce</span> <span class='ocrx_word' id='word_1_98' title='bbox 1069 1515 1174 1594; x_wconf 88' lang='lat' dir='ltr'>prima</span> 
     </span>
     <span class='ocr_line' id='line_1_14' title="bbox 120 1613 1172 1695; baseline -0.001 -19"><span class='ocrx_word' id='word_1_99' title='bbox 120 1614 228 1693; x_wconf 88' lang='lat' dir='ltr'>copias</span> <span class='ocrx_word' id='word_1_100' title='bbox 263 1634 374 1676; x_wconf 90' lang='lat' dir='ltr'>omnes</span> <span class='ocrx_word' id='word_1_101' title='bbox 408 1615 558 1693; x_wconf 92' lang='lat' dir='ltr'>peditum</span> <span class='ocrx_word' id='word_1_102' title='bbox 592 1615 807 1695; x_wconf 90' lang='lat' dir='ltr'>equitumque</span> <span class='ocrx_word' id='word_1_103' title='bbox 842 1615 875 1675; x_wconf 92' lang='lat' dir='ltr'>in</span> <span class='ocrx_word' id='word_1_104' title='bbox 910 1615 1013 1676; x_wconf 89' lang='lat' dir='ltr'>aciem</span> <span class='ocrx_word' id='word_1_105' title='bbox 1047 1613 1172 1676; x_wconf 87' lang='lat' dir='ltr'>eduxit.</span> 
     </span>
     <span class='ocr_line' id='line_1_15' title="bbox 120 1714 1174 1793; baseline 0 -18"><span class='ocrx_word' id='word_1_106' title='bbox 120 1714 220 1775; x_wconf 92' lang='lat' dir='ltr'>Paulo</span> <span class='ocrx_word' id='word_1_107' title='bbox 242 1720 318 1792; x_wconf 89' lang='lat' dir='ltr'>post</span> <span class='ocrx_word' id='word_1_108' title='bbox 340 1719 373 1776; x_wconf 89' lang='lat' dir='ltr'>et</span> <span class='ocrx_word' id='word_1_109' title='bbox 395 1714 437 1776; x_wconf 90' lang='lat' dir='ltr'>ab</span> <span class='ocrx_word' id='word_1_110' title='bbox 460 1714 646 1777; x_wconf 91' lang='lat' dir='ltr'>Hannibale</span> <span class='ocrx_word' id='word_1_111' title='bbox 668 1715 796 1793; x_wconf 86' lang='lat' dir='ltr'>signum</span> <span class='ocrx_word' id='word_1_112' title='bbox 817 1734 947 1793; x_wconf 87' lang='lat' dir='ltr'>pugnae</span> <span class='ocrx_word' id='word_1_113' title='bbox 968 1715 1174 1793; x_wconf 89' lang='lat' dir='ltr'>propositum</span> 
     </span>
     <span class='ocr_line' id='line_1_16' title="bbox 119 1813 1174 1893; baseline 0.001 -18"><span class='ocrx_word' id='word_1_114' title='bbox 119 1820 178 1889; x_wconf 90' lang='lat' dir='ltr'>est,</span> <span class='ocrx_word' id='word_1_115' title='bbox 199 1814 384 1893; x_wconf 89' lang='lat' dir='ltr'>clamorque</span> <span class='ocrx_word' id='word_1_116' title='bbox 402 1814 435 1875; x_wconf 92' lang='lat' dir='ltr'>in</span> <span class='ocrx_word' id='word_1_117' title='bbox 455 1815 569 1876; x_wconf 89' lang='lat' dir='ltr'>castris</span> <span class='ocrx_word' id='word_1_118' title='bbox 587 1813 629 1876; x_wconf 91' lang='lat' dir='ltr'>ad</span> <span class='ocrx_word' id='word_1_119' title='bbox 648 1833 739 1876; x_wconf 90' lang='lat' dir='ltr'>arma</span> <span class='ocrx_word' id='word_1_120' title='bbox 758 1814 1010 1876; x_wconf 89' lang='lat' dir='ltr'>discurrentium</span> <span class='ocrx_word' id='word_1_121' title='bbox 1028 1819 1080 1877; x_wconf 90' lang='lat' dir='ltr'>est</span> <span class='ocrx_word' id='word_1_122' title='bbox 1098 1814 1174 1876; x_wconf 89' lang='lat' dir='ltr'>sub-</span> 
     </span>
     <span class='ocr_line' id='line_1_17' title="bbox 119 1913 1175 1993; baseline 0.003 -19"><span class='ocrx_word' id='word_1_123' title='bbox 119 1914 214 1976; x_wconf 85' lang='lat' dir='ltr'>latus¹</span> <span class='ocrx_word' id='word_1_124' title='bbox 260 1913 341 1976; x_wconf 93' lang='lat' dir='ltr'>Inde</span> <span class='ocrx_word' id='word_1_125' title='bbox 372 1933 470 1992; x_wconf 90' lang='lat' dir='ltr'>eques</span> <span class='ocrx_word' id='word_1_126' title='bbox 501 1914 665 1993; x_wconf 89' lang='lat' dir='ltr'>pedesque</span> <span class='ocrx_word' id='word_1_127' title='bbox 696 1914 847 1976; x_wconf 87' lang='lat' dir='ltr'>certatim</span> <span class='ocrx_word' id='word_1_128' title='bbox 878 1915 981 1992; x_wconf 91' lang='lat' dir='ltr'>portis</span> <span class='ocrx_word' id='word_1_129' title='bbox 1013 1934 1106 1977; x_wconf 89' lang='lat' dir='ltr'>ruere</span> <span class='ocrx_word' id='word_1_130' title='bbox 1137 1934 1175 1977; x_wconf 91' lang='lat' dir='ltr'>ac</span> 
     </span>
     <span class='ocr_line' id='line_1_18' title="bbox 83 2012 1174 2092; baseline 0.003 -21"><span class='ocrx_word' id='word_1_131' title='bbox 83 2013 232 2092; x_wconf 78' lang='lat' dir='ltr'>spalatii</span> <span class='ocrx_word' id='word_1_132' title='bbox 256 2033 314 2091; x_wconf 90' lang='lat' dir='ltr'>per</span> <span class='ocrx_word' id='word_1_133' title='bbox 350 2033 503 2092; x_wconf 90' lang='lat' dir='ltr'>campum</span> <span class='ocrx_word' id='word_1_134' title='bbox 539 2033 712 2092; x_wconf 89' lang='lat' dir='ltr'>properare</span> <span class='ocrx_word' id='word_1_135' title='bbox 749 2012 791 2075; x_wconf 89' lang='lat' dir='ltr'>ad</span> <span class='ocrx_word' id='word_1_136' title='bbox 828 2013 947 2076; x_wconf 91' lang='lat' dir='ltr'>hostes.</span> <span class='ocrx_word' id='word_1_137' title='bbox 993 2014 1083 2089; x_wconf 81' lang='lat' dir='ltr'>Quos</span> <span class='ocrx_word' id='word_1_138' title='bbox 1119 2014 1174 2076; x_wconf 94' lang='lat' dir='ltr'>ubi</span> 
     </span>
     <span class='ocr_line' id='line_1_19' title="bbox 119 2112 1175 2193; baseline 0.003 -19"><span class='ocrx_word' id='word_1_139' title='bbox 119 2113 238 2175; x_wconf 89' lang='lat' dir='ltr'>effusos</span> <span class='ocrx_word' id='word_1_140' title='bbox 272 2113 382 2175; x_wconf 92' lang='lat' dir='ltr'>consul</span> <span class='ocrx_word' id='word_1_141' title='bbox 416 2114 517 2188; x_wconf 86' lang='lat' dir='ltr'>videt,</span> <span class='ocrx_word' id='word_1_142' title='bbox 551 2113 684 2175; x_wconf 91' lang='lat' dir='ltr'>tribuno</span> <span class='ocrx_word' id='word_1_143' title='bbox 717 2113 860 2175; x_wconf 92' lang='lat' dir='ltr'>militum</span> <span class='ocrx_word' id='word_1_144' title='bbox 893 2113 1010 2175; x_wconf 91' lang='lat' dir='ltr'>tertiae</span> <span class='ocrx_word' id='word_1_145' title='bbox 1042 2112 1175 2193; x_wconf 86' lang='lat' dir='ltr'>legionis</span> 
     </span>
     <span class='ocr_line' id='line_1_20' title="bbox 119 2212 1176 2292; baseline 0 -18"><span class='ocrx_word' id='word_1_146' title='bbox 119 2213 153 2274; x_wconf 80' lang='grc' dir='ltr'>Ο.</span> <span class='ocrx_word' id='word_1_147' title='bbox 193 2212 411 2274; x_wconf 88' lang='lat' dir='ltr'>Aurunculeio</span> <span class='ocrx_word' id='word_1_148' title='bbox 449 2212 599 2290; x_wconf 89' lang='lat' dir='ltr'>imperat,</span> <span class='ocrx_word' id='word_1_149' title='bbox 638 2219 676 2275; x_wconf 92' lang='lat' dir='ltr'>ut</span> <span class='ocrx_word' id='word_1_150' title='bbox 714 2213 840 2291; x_wconf 92' lang='lat' dir='ltr'>equites</span> <span class='ocrx_word' id='word_1_151' title='bbox 878 2212 1012 2290; x_wconf 85' lang='lat' dir='ltr'>legionis</span> <span class='ocrx_word' id='word_1_152' title='bbox 1049 2219 1176 2292; x_wconf 89' lang='lat' dir='ltr'>quanto</span> 
     </span>
     <span class='ocr_line' id='line_1_21' title="bbox 71 2311 1175 2391; baseline 0.005 -22"><span class='ocrx_word' id='word_1_153' title='bbox 71 2326 99 2369; x_wconf 88' lang='lat'>10</span> <span class='ocrx_word' id='word_1_154' title='bbox 120 2313 263 2373; x_wconf 88' lang='lat' dir='ltr'>maximo</span> <span class='ocrx_word' id='word_1_155' title='bbox 286 2313 412 2390; x_wconf 89' lang='lat' dir='ltr'>impetu</span> <span class='ocrx_word' id='word_1_156' title='bbox 435 2313 538 2391; x_wconf 89' lang='lat' dir='ltr'>possit</span> <span class='ocrx_word' id='word_1_157' title='bbox 561 2313 593 2373; x_wconf 91' lang='lat' dir='ltr'>in</span> <span class='ocrx_word' id='word_1_158' title='bbox 616 2311 745 2374; x_wconf 90' lang='lat' dir='ltr'>hostem</span> <span class='ocrx_word' id='word_1_159' title='bbox 767 2312 917 2374; x_wconf 92' lang='lat' dir='ltr'>emittat:</span> <span class='ocrx_word' id='word_1_160' title='bbox 952 2312 999 2373; x_wconf 90' lang='lat' dir='ltr'>ita</span> <span class='ocrx_word' id='word_1_161' title='bbox 1022 2331 1175 2390; x_wconf 91' lang='lat' dir='ltr'>pecorum</span> 
     </span>
     <span class='ocr_line' id='line_1_22' title="bbox 120 2411 1175 2491; baseline 0 -19"><span class='ocrx_word' id='word_1_162' title='bbox 120 2412 217 2473; x_wconf 92' lang='lat' dir='ltr'>modo</span> <span class='ocrx_word' id='word_1_163' title='bbox 232 2412 464 2490; x_wconf 90' lang='lat' dir='ltr'>incompositos</span> <span class='ocrx_word' id='word_1_164' title='bbox 479 2418 550 2474; x_wconf 92' lang='lat' dir='ltr'>toto</span> <span class='ocrx_word' id='word_1_165' title='bbox 563 2413 686 2490; x_wconf 90' lang='lat' dir='ltr'>passim</span> <span class='ocrx_word' id='word_1_166' title='bbox 700 2432 816 2491; x_wconf 89' lang='lat' dir='ltr'>eampo</span> <span class='ocrx_word' id='word_1_167' title='bbox 829 2432 863 2475; x_wconf 89' lang='lat' dir='ltr'>se</span> <span class='ocrx_word' id='word_1_168' title='bbox 876 2411 1009 2487; x_wconf 79' lang='lat' dir='ltr'>fudisse,</span> <span class='ocrx_word' id='word_1_169' title='bbox 1023 2417 1062 2474; x_wconf 92' lang='lat' dir='ltr'>ut</span> <span class='ocrx_word' id='word_1_170' title='bbox 1075 2412 1175 2475; x_wconf 84' lang='lat' dir='ltr'>sterni</span> 
     </span>
     <span class='ocr_line' id='line_1_23' title="bbox 122 2510 1176 2590; baseline -0.003 -16"><span class='ocrx_word' id='word_1_171' title='bbox 122 2512 301 2590; x_wconf 89' lang='lat' dir='ltr'>obterique,</span> <span class='ocrx_word' id='word_1_172' title='bbox 331 2512 523 2590; x_wconf 87' lang='lat' dir='ltr'>priusquam</span> <span class='ocrx_word' id='word_1_173' title='bbox 560 2511 776 2587; x_wconf 91' lang='lat' dir='ltr'>instruantur,</span> <span class='ocrx_word' id='word_1_174' title='bbox 814 2511 950 2590; x_wconf 89' lang='lat' dir='ltr'>possint.</span> <span class='ocrx_word' id='word_1_175' title='bbox 1018 2510 1176 2573; x_wconf 92' lang='lat' dir='ltr'>Nondum</span> 
     </span>
     <span class='ocr_line' id='line_1_24' title="bbox 69 2609 1175 2691; baseline 0.003 -23"><span class='ocrx_word' id='word_1_176' title='bbox 69 2621 112 2669; x_wconf 82' lang='lat'>42</span> <span class='ocrx_word' id='word_1_177' title='bbox 124 2611 288 2673; x_wconf 90' lang='lat' dir='ltr'>Hannibal</span> <span class='ocrx_word' id='word_1_178' title='bbox 318 2631 335 2673; x_wconf 88' lang='lat' dir='ltr'>e</span> <span class='ocrx_word' id='word_1_179' title='bbox 365 2611 478 2673; x_wconf 90' lang='lat' dir='ltr'>castris</span> <span class='ocrx_word' id='word_1_180' title='bbox 507 2611 640 2687; x_wconf 87' lang='lat' dir='ltr'>exierat,</span> <span class='ocrx_word' id='word_1_181' title='bbox 665 2631 739 2672; x_wconf 89' lang='lat' dir='ltr'>cum</span> <span class='ocrx_word' id='word_1_182' title='bbox 761 2611 979 2691; x_wconf 90' lang='lat' dir='ltr'>pugnantium</span> <span class='ocrx_word' id='word_1_183' title='bbox 1002 2609 1175 2673; x_wconf 90' lang='lat' dir='ltr'>clamorem</span> 
     </span>
     <span class='ocr_line' id='line_1_25' title="bbox 121 2709 1176 2790; baseline -0.002 -18"><span class='ocrx_word' id='word_1_184' title='bbox 121 2711 259 2773; x_wconf 80' lang='lat' dir='ltr'>audiuit.</span> <span class='ocrx_word' id='word_1_185' title='bbox 304 2711 424 2790; x_wconf 91' lang='lat' dir='ltr'>Itaque</span> <span class='ocrx_word' id='word_1_186' title='bbox 436 2711 563 2773; x_wconf 87' lang='lat' dir='ltr'>excitus</span> <span class='ocrx_word' id='word_1_187' title='bbox 576 2711 722 2773; x_wconf 88' lang='lat' dir='ltr'>tumultu</span> <span class='ocrx_word' id='word_1_188' title='bbox 736 2711 857 2790; x_wconf 89' lang='lat' dir='ltr'>raptim</span> <span class='ocrx_word' id='word_1_189' title='bbox 869 2710 911 2772; x_wconf 91' lang='lat' dir='ltr'>ad</span> <span class='ocrx_word' id='word_1_190' title='bbox 925 2709 1053 2771; x_wconf 89' lang='lat' dir='ltr'>hostem</span> <span class='ocrx_word' id='word_1_191' title='bbox 1068 2709 1176 2788; x_wconf 89' lang='lat' dir='ltr'>copias</span> 
     </span>
     <span class='ocr_line' id='line_1_26' title="bbox 85 2808 1175 2890; baseline 0.002 -22"><span class='ocrx_word' id='word_1_192' title='bbox 85 2825 99 2868; x_wconf 83' lang='lat'><strong>2</strong></span> <span class='ocrx_word' id='word_1_193' title='bbox 120 2811 198 2889; x_wconf 89' lang='lat' dir='ltr'>agit.</span> <span class='ocrx_word' id='word_1_194' title='bbox 244 2811 315 2872; x_wconf 92' lang='lat' dir='ltr'>Iam</span> <span class='ocrx_word' id='word_1_195' title='bbox 334 2811 455 2889; x_wconf 91' lang='lat' dir='ltr'>primos</span> <span class='ocrx_word' id='word_1_196' title='bbox 473 2816 692 2890; x_wconf 88' lang='lat' dir='ltr'>occupaverat</span> <span class='ocrx_word' id='word_1_197' title='bbox 710 2817 860 2889; x_wconf 90' lang='lat' dir='ltr'>equester</span> <span class='ocrx_word' id='word_1_198' title='bbox 878 2816 996 2886; x_wconf 72' lang='lat' dir='ltr'>terror,</span> <span class='ocrx_word' id='word_1_199' title='bbox 1026 2808 1175 2888; x_wconf 89' lang='lat' dir='ltr'>pediturn</span> 
     </span>
     <span class='ocr_line' id='line_1_27' title="bbox 120 2909 1176 2990; baseline -0.003 -18"><span class='ocrx_word' id='word_1_200' title='bbox 120 2912 221 2973; x_wconf 89' lang='lat' dir='ltr'>etiam</span> <span class='ocrx_word' id='word_1_201' title='bbox 240 2911 344 2990; x_wconf 92' lang='lat' dir='ltr'>prima</span> <span class='ocrx_word' id='word_1_202' title='bbox 363 2911 445 2990; x_wconf 89' lang='lat' dir='ltr'>legio</span> <span class='ocrx_word' id='word_1_203' title='bbox 464 2916 498 2973; x_wconf 91' lang='lat' dir='ltr'>et</span> <span class='ocrx_word' id='word_1_204' title='bbox 517 2911 633 2973; x_wconf 86' lang='lat' dir='ltr'>dextra</span> <span class='ocrx_word' id='word_1_205' title='bbox 652 2910 705 2972; x_wconf 92' lang='lat' dir='ltr'>ala</span> <span class='ocrx_word' id='word_1_206' title='bbox 724 2910 883 2988; x_wconf 90' lang='lat' dir='ltr'>proelium</span> <span class='ocrx_word' id='word_1_207' title='bbox 903 2909 1023 2985; x_wconf 89' lang='lat' dir='ltr'>inibat,·</span> <span class='ocrx_word' id='word_1_208' title='bbox 1055 2909 1176 2971; x_wconf 91' lang='lat' dir='ltr'>incom-</span> 
     </span>
     <span class='ocr_line' id='line_1_28' title="bbox 120 3009 1175 3091; baseline -0.002 -19"><span class='ocrx_word' id='word_1_209' title='bbox 120 3011 219 3089; x_wconf 89' lang='lat' dir='ltr'>positi</span> <span class='ocrx_word' id='word_1_210' title='bbox 245 3011 364 3086; x_wconf 87' lang='lat' dir='ltr'>hostes,</span> <span class='ocrx_word' id='word_1_211' title='bbox 390 3017 429 3074; x_wconf 94' lang='lat' dir='ltr'>ut</span> <span class='ocrx_word' id='word_1_212' title='bbox 454 3030 617 3091; x_wconf 92' lang='lat' dir='ltr'>quemque</span> <span class='ocrx_word' id='word_1_213' title='bbox 642 3016 701 3072; x_wconf 93' lang='lat' dir='ltr'>aut</span> <span class='ocrx_word' id='word_1_214' title='bbox 726 3009 830 3088; x_wconf 92' lang='lat' dir='ltr'>pediti</span> <span class='ocrx_word' id='word_1_215' title='bbox 855 3017 914 3071; x_wconf 91' lang='lat' dir='ltr'>aut</span> <span class='ocrx_word' id='word_1_216' title='bbox 944 3009 1047 3088; x_wconf 92' lang='lat' dir='ltr'>equiti</span> <span class='ocrx_word' id='word_1_217' title='bbox 1085 3028 1175 3071; x_wconf 90' lang='lat' dir='ltr'>casus</span> 
     </span>
     <span class='ocr_line' id='line_1_29' title="bbox 86 3108 1176 3187; baseline 0.002 -19"><span class='ocrx_word' id='word_1_218' title='bbox 86 3124 100 3168; x_wconf 87' lang='lat'><strong>3</strong></span> <span class='ocrx_word' id='word_1_219' title='bbox 121 3110 252 3187; x_wconf 90' lang='lat' dir='ltr'>obtulit,</span> <span class='ocrx_word' id='word_1_220' title='bbox 273 3111 319 3173; x_wconf 87' lang='lat' dir='ltr'>ita</span> <span class='ocrx_word' id='word_1_221' title='bbox 340 3118 513 3173; x_wconf 88' lang='lat' dir='ltr'>conserunt</span> <span class='ocrx_word' id='word_1_222' title='bbox 533 3130 659 3172; x_wconf 89' lang='lat' dir='ltr'>manus.</span> <span class='ocrx_word' id='word_1_223' title='bbox 700 3109 825 3173; x_wconf 80' lang='lat' dir='ltr'>‚Crescit</span> <span class='ocrx_word' id='word_1_224' title='bbox 844 3129 953 3187; x_wconf 91' lang='lat' dir='ltr'>pugna</span> <span class='ocrx_word' id='word_1_225' title='bbox 972 3108 1125 3171; x_wconf 88' lang='lat' dir='ltr'>subsidiis</span> <span class='ocrx_word' id='word_1_226' title='bbox 1143 3114 1176 3170; x_wconf 93' lang='lat' dir='ltr'>et</span> 
     </span>
     <span class='ocr_line' id='line_1_30' title="bbox 121 3209 1175 3289; baseline -0.003 -17"><span class='ocrx_word' id='word_1_227' title='bbox 121 3212 381 3289; x_wconf 87' lang='lat' dir='ltr'>procurrentium</span> <span class='ocrx_word' id='word_1_228' title='bbox 400 3211 442 3272; x_wconf 92' lang='lat' dir='ltr'>ad</span> <span class='ocrx_word' id='word_1_229' title='bbox 463 3217 627 3272; x_wconf 90' lang='lat' dir='ltr'>certamen</span> <span class='ocrx_word' id='word_1_230' title='bbox 645 3229 781 3270; x_wconf 91' lang='lat' dir='ltr'>numero</span> <span class='ocrx_word' id='word_1_231' title='bbox 800 3215 939 3287; x_wconf 90' lang='lat' dir='ltr'>augetur</span> <span class='ocrx_word' id='word_1_232' title='bbox 945 3229 953 3284; x_wconf 86' lang='lat'>;</span> <span class='ocrx_word' id='word_1_233' title='bbox 985 3209 1175 3287; x_wconf 86' lang='lat' dir='ltr'>pugnantis-</span> 
     </span>
     <span class='ocr_line' id='line_1_31' title="bbox 39 3308 1176 3390; baseline -0.002 -19"><span class='ocrx_word' id='word_1_234' title='bbox 39 3381 43 3389; x_wconf 40' lang='lat'>,</span> <span class='ocrx_word' id='word_1_235' title='bbox 121 3330 194 3390; x_wconf 87' lang='lat' dir='ltr'>que,</span> <span class='ocrx_word' id='word_1_236' title='bbox 211 3311 299 3390; x_wconf 94' lang='lat' dir='ltr'>quod</span> <span class='ocrx_word' id='word_1_237' title='bbox 314 3311 375 3372; x_wconf 89' lang='lat' dir='ltr'>nisi</span> <span class='ocrx_word' id='word_1_238' title='bbox 391 3311 424 3371; x_wconf 89' lang='lat' dir='ltr'>in</span> <span class='ocrx_word' id='word_1_239' title='bbox 439 3317 548 3372; x_wconf 86' lang='lat' dir='ltr'>vetere</span> <span class='ocrx_word' id='word_1_240' title='bbox 563 3310 708 3373; x_wconf 85' lang='lat' dir='ltr'>exercitu</span> <span class='ocrx_word' id='word_1_241' title='bbox 722 3315 755 3370; x_wconf 95' lang='lat' dir='ltr'>et</span> <span class='ocrx_word' id='word_1_242' title='bbox 771 3309 845 3370; x_wconf 93' lang='lat' dir='ltr'>duci</span> <span class='ocrx_word' id='word_1_243' title='bbox 861 3309 963 3370; x_wconf 89' lang='lat' dir='ltr'>veteri</span> <span class='ocrx_word' id='word_1_244' title='bbox 978 3308 1067 3369; x_wconf 91' lang='lat' dir='ltr'>haud</span> <span class='ocrx_word' id='word_1_245' title='bbox 1082 3308 1176 3369; x_wconf 88' lang='lat' dir='ltr'>facile</span> 
     </span>
     <span class='ocr_line' id='line_1_32' title="bbox 85 3406 1176 3485; baseline -0.003 -16"><span class='ocrx_word' id='word_1_246' title='bbox 85 3426 100 3469; x_wconf 87' lang='lat'>4</span> <span class='ocrx_word' id='word_1_247' title='bbox 121 3417 181 3485; x_wconf 87' lang='lat' dir='ltr'>est,</span> <span class='ocrx_word' id='word_1_248' title='bbox 199 3411 283 3472; x_wconf 89' lang='lat' dir='ltr'>inter</span> <span class='ocrx_word' id='word_1_249' title='bbox 300 3411 480 3473; x_wconf 93' lang='lat' dir='ltr'>tumultum</span> <span class='ocrx_word' id='word_1_250' title='bbox 497 3430 534 3472; x_wconf 88' lang='lat' dir='ltr'>ac</span> <span class='ocrx_word' id='word_1_251' title='bbox 551 3416 707 3473; x_wconf 91' lang='lat' dir='ltr'>terrorem</span> <span class='ocrx_word' id='word_1_252' title='bbox 724 3408 930 3470; x_wconf 88' lang='lat' dir='ltr'>instruxisset</span> <span class='ocrx_word' id='word_1_253' title='bbox 948 3408 1126 3483; x_wconf 88' lang='lat' dir='ltr'>Hannibal,</span> <span class='ocrx_word' id='word_1_254' title='bbox 1144 3406 1176 3467; x_wconf 93' lang='lat' dir='ltr'>ni</span> 
     </span>
     <span class='ocr_line' id='line_1_33' title="bbox 123 3506 1177 3587; baseline -0.004 -17"><span class='ocrx_word' id='word_1_255' title='bbox 123 3509 305 3571; x_wconf 87' lang='lat' dir='ltr'>cohortium</span> <span class='ocrx_word' id='word_1_256' title='bbox 318 3530 355 3570; x_wconf 91' lang='lat' dir='ltr'>ac</span> <span class='ocrx_word' id='word_1_257' title='bbox 369 3509 610 3587; x_wconf 91' lang='lat' dir='ltr'>manipulorum</span> <span class='ocrx_word' id='word_1_258' title='bbox 623 3507 865 3570; x_wconf 87' lang='lat' dir='ltr'>decurrentium</span> <span class='ocrx_word' id='word_1_259' title='bbox 878 3527 935 3585; x_wconf 92' lang='lat' dir='ltr'>per</span> <span class='ocrx_word' id='word_1_260' title='bbox 948 3506 1042 3568; x_wconf 87' lang='lat' dir='ltr'>colles</span> <span class='ocrx_word' id='word_1_261' title='bbox 1056 3506 1177 3568; x_wconf 90' lang='lat' dir='ltr'>clamor</span> 
     </span>
    </p>
   </div>
   <div class='ocr_carea' id='block_1_3' title="bbox 0 0 1255 3908">
    <p class='ocr_par' dir='ltr' id='par_1_3' title="bbox 0 0 1255 3908">
     <span class='ocr_line' id='line_1_34' title="bbox 0 0 1255 3908; baseline 0 0"><span class='ocrx_word' id='word_1_262' title='bbox 0 0 1255 3908; x_wconf 95' lang='lat' dir='ltr'> </span> 
     </span>
    </p>
   </div>
  </div>
 </body>
</html>
