2496 3908
147 199 188 262 28
631 212 719 261 LIVY
1016 218 1112 284 [Boon
1128 221 1198 271 XXI.

110 398 124 441 o
188 385 447 464 Elephantorum
462 387 714 449 traiciendorum
729 390 819 451 varia
835 391 967 453 consilia
980 392 1081 456 fuisse
1096 396 1199 471 credo,

146 492 231 548 certe
253 487 360 548 variat
381 488 536 549 memoria
557 495 651 549 actae
672 489 726 550 rei.
772 490 914 564 Quidam
935 495 1141 572 congregatis
1160 495 1200 558 ad

146 585 250 690 ripapm
264 584 447 664 elephantis
462 586 599 648 tradunt
613 587 848 675 ferocissimum
865 609 905 652 ex
922 572 1142 682 iiqdrritatum
1159 591 1197 654 eb

145 662 268 747 rectoie
280 705 349 760 suo,
363 705 437 746 cum
449 686 662 763 refugientem
675 687 840 799 inpquam
853 656 953 751 odrice
999 699 1198 770 sequeretur,
1227 770 1231 775 Ι

40 778 43 783 ’
145 751 281 847 uiridia
302 805 440 864 gregem,
462 771 500 847 ut
521 804 684 865 quemque
709 772 881 850 tfrhbhtem
906 788 954 851 alt
1030 791 1118 873 inem
1110 768 1239 959 Q

144 885 294 948 stitueret
317 885 451 959 vadum,
473 885 598 963 impetu
621 886 691 964 ipso
713 876 856 949 fluminis
878 888 911 948 in
934 888 1073 952 alteram
1096 880 1174 973 ripa

107 986 299 1076 sslee·
344 986 496 1047 Ceterum
522 985 624 1062 magis
651 993 780 1049 constat
806 988 932 1050 ratibus
958 989 1116 1054 traiectos
1124 1014 1133 1069 ;
1176 997 1213 1058 id

143 1091 181 1147 ut
202 1086 306 1148 tutius
328 1084 497 1146 consilium
518 1091 595 1147 ante
616 1105 683 1146 rern
703 1085 798 1160 foret,
821 1087 868 1148 ita
888 1094 964 1150 acta
984 1108 1019 1151 re
1039 1090 1083 1152 ad
1104 1093 1212 1157 fidem

107 1207 121 1251 r
142 1185 275 1264 pronius
294 1191 354 1246 est.
400 1184 520 1246 Ratem
540 1203 640 1244 unam
660 1184 819 1247 ducentos
837 1186 969 1264 longam
988 1188 1089 1267 pedes
1104 1194 1199 1270 quin·

143 1267 300 1363 quaginta
319 1283 422 1344 latam
441 1303 460 1344 a
479 1289 564 1345 terra
583 1283 616 1343 in
634 1303 765 1346 amnem
783 1293 1008 1363 porrexerunt,
1029 1307 1141 1367 quam,
1160 1309 1199 1352 ne
1235 1280 1239 1317 ⁴

142 1384 283 1446 secunda
299 1403 385 1461 aqua
402 1383 590 1457 deferretur,
608 1383 754 1461 pluribus
770 1372 887 1446 validis
903 1386 1092 1473 retinaculis
1107 1395 1199 1468 parte

141 1484 304 1562 superiore
323 1483 412 1561 ripae
432 1483 602 1560 religatam
621 1483 732 1561 pontis
751 1483 784 1543 in
804 1470 1059 1548 modurn-humo
1080 1487 1198 1551 iniecta

142 1588 402 1657 constraverunt,
430 1589 468 1643 ut
494 1580 609 1644 beluae
635 1582 792 1667 audacter
818 1584 909 1647 velut
936 1604 993 1663 per
1018 1574 1198 1671 aelffin-

106 1706 120 1750 a
141 1683 365 1761 grederentur;
394 1681 497 1744 altera
510 1668 712 1781 'r'asstisxeeque
728 1682 807 1758 lata,
824 1683 921 1763 longa
937 1685 1037 1764 pedes
1054 1693 1197 1764 centum,

140 1784 182 1844 ad
213 1781 428 1845 traiciendum
458 1781 579 1842 flumen
608 1774 698 1875 rippa,
729 1781 804 1875 huic
835 1783 988 1875 copulata
1017 1793 1067 1848 est
1076 1807 1084 1862 ;
1127 1794 1198 1849 tum

139 1882 305 1960 elephanti
316 1901 373 1959 per
383 1880 535 1967 stabilem
546 1886 651 1943 ratem
662 1870 1198 1969 tamqiiar'riir'iar'fi''praegredienti-

140 1982 200 2044 bus
222 1970 352 2042 feminis
375 1976 440 2041 acti
463 1978 520 2040 ubi
544 1979 576 2039 in
600 1980 757 2041 minorem
781 1981 981 2068 adplicatam
1006 1984 1198 2064 transgressi

104 2088 226 2155 esunt,
261 2079 426 2157 extemplo
459 2079 618 2154 resolutis
653 2079 772 2158 quibus
805 2081 920 2142 leviter
952 2081 1089 2171 adnexa,
1116 2093 1196 2161 erat,

139 2180 276 2242 vinculis
301 2179 343 2241 ab
368 2178 528 2261 actuariisx
546 2179 672 2257 aliquot
697 2178 840 2240 navibus
861 2180 903 2242 ad
928 2181 1067 2243 alteram
1092 2185 1197 2264 ripam

139 2280 348 2359 pertrahitur.
395 2279 448 2340 Ita
469 2279 582 2357 primis
605 2279 762 2358 expositis
785 2279 839 2340 alii
863 2280 980 2342 deinde
1003 2284 1137 2360 repetiti
1161 2306 1196 2347 ac

90 2401 118 2444 10
139 2381 266 2459 traiecti¹
291 2386 377 2445 sunt.
415 2378 512 2475 xNihil
537 2398 614 2440 sane
638 2379 860 2457 trepidabant,
886 2380 989 2442 donec
1014 2383 1197 2447 continenti

140 2481 229 2542 velut
254 2486 354 2558 ponte
379 2482 569 2565 agiegentur5
604 2478 727 2556 primus
752 2485 822 2541 erat
847 2498 960 2557 pavor,
988 2499 1062 2569 cum
1087 2483 1197 2545 soluta

90 2600 114 2643 11
139 2580 181 2642 ab
199 2580 312 2642 ceteris
331 2585 400 2640 rate
418 2579 451 2638 in
468 2576 572 2647 altum
591 2584 782 2657 raperentur
789 2599 797 2654 3
827 2566 1197 2688 ibi'uigent'es'ipgeorse

139 2679 328 2742 cedentibus
358 2658 511 2740 extremis
541 2677 583 2739 ab
613 2698 699 2756 aqua
729 2678 958 2756 trepidationis
987 2652 1174 2763 aliqudntrif

138 2779 290 2853 edebant,
320 2778 422 2840 donec
450 2777 594 2856 quietem
623 2778 690 2856 ipse
719 2778 827 2847 timor¹
846 2770 1197 2858 circumspectantibus

89 2895 117 2939 12
138 2898 259 2963 aquam
287 2878 425 2940 fecisset.
471 2877 629 2938 Excidere
657 2877 759 2939 etiam
787 2878 969 2940 saevientes
998 2873 1134 2957 quidam
1163 2881 1196 2942 in

138 2958 273 3053 flumem
318 2977 374 3039 sed
406 2976 549 3055 pondere
582 2976 651 3054 ipso
683 2975 817 3039 stabiles
849 2977 982 3039 deiectis
1015 2978 1196 3042 recto'ribus

139 3077 331 3157 quaerendis
353 3076 590 3154 pedetemptim
613 3075 706 3137 vadis
728 3077 761 3135 in
784 3083 904 3137 terram
926 3097 1066 3155 evasere.

88 3200 130 3248 29
182 3177 269 3238 Dum
297 3176 462 3254 elephanti
491 3175 696 3250 traiciuntur,
726 3176 856 3237 interim
885 3177 1050 3238 Hannibal
1080 3178 1196 3242 Numi·

139 3277 197 3338 das
221 3275 346 3356 equites
371 3268 566 3355 quingentos
590 3274 632 3335 ad
658 3281 765 3337 castra
789 3275 940 3336 Romana
966 3277 1098 3340 miserat
1123 3299 1195 3358 spe-

138 3376 293 3450 culatum,
315 3375 372 3437 ubi
392 3381 425 3437 et
446 3379 590 3452 quantae
612 3374 724 3453 copiae
744 3381 851 3436 essent
872 3381 905 3437 et
926 3376 1005 3454 quid
1027 3384 1193 3453 pararent.

98 3493 113 3537 2
137 3477 223 3538 Huic
247 3476 317 3537 alae
342 3474 491 3553 equitum
515 3473 614 3544 missi,
640 3480 678 3534 ut
703 3480 779 3536 ante
805 3474 1014 3549 dictumest,
1041 3476 1083 3538 ab
1108 3478 1194 3541 ostio
