2496 3908
57 272 159 322 casis.
172 271 213 332 ao,
227 272 268 333 31,
283 274 340 338 sa]
384 272 386 277 ·
544 273 632 323 mvr
1055 261 1117 326 135

56 453 91 511 et
109 448 160 510 dei
178 455 279 511 testes
297 455 386 525 sunt,
406 448 463 529 qui
480 456 514 512 et
532 449 617 511 illius
634 449 710 513 belli
727 451 853 513 exitum
871 449 1049 514 secundum
1067 448 1117 512 ius

57 549 174 628 fasque
194 549 356 611 dederunt
376 555 410 611 et
430 549 527 610 huius
547 549 628 611 dant
648 556 683 612 et
703 549 841 612 dabunt,
886 550 982 626 Quod
1001 548 1044 612 ad
1064 569 1116 612 me
1136 561 1151 607 6

58 649 190 724 attinet,
224 654 258 710 et
290 648 454 713 humanae
487 649 689 711 infirmitatis
722 650 854 712 memini
886 656 919 712 et
952 650 1020 711 vim
1051 648 1115 711 for-

57 754 158 811 tunae
187 755 304 827 reputo
332 755 366 811 et
395 749 515 824 omnia,
546 768 773 828 quaecumque
801 749 937 828 agimus,
968 739 1115 811 subiecta

57 868 127 911 esse
140 847 228 910 mille
243 848 371 910 casibus
384 848 450 910 seio
458 870 466 923 ;
493 854 647 924 ceterum,
662 849 963 928 quemadmodum
977 849 1115 928 superbe
1135 862 1149 907 r

57 954 91 1010 et
120 947 280 1010 violenter
307 968 359 1010 me
387 949 508 1010 faterer
535 948 651 1023 facere,
681 949 718 1024 si,
748 949 940 1028 priusquam
968 948 1001 1009 in
1030 948 1114 1009 Afri·
1141 1006 1144 1010 .

58 1068 130 1110 cam
160 1047 368 1124 traiecissem,
400 1055 433 1110 te
463 1053 521 1109 tua
552 1047 725 1110 voluntate
756 1048 924 1110 cedentem
954 1047 1051 1110 Italia
1081 1053 1115 1110 et

57 1147 210 1226 imposito
228 1147 261 1207 in
288 1167 389 1209 naves
414 1148 560 1210 exercitu
586 1147 694 1226 ipsum
720 1147 906 1210 venientem
932 1146 974 1210 ad
1000 1167 1115 1226 pacem

56 1246 234 1326 petendam
260 1267 460 1325 aspernarer,
488 1247 533 1309 sic
560 1267 657 1322 nunc,
686 1266 759 1308 cum
786 1267 887 1326 prope
913 1266 1013 1311 manu
1040 1259 1149 1308 con-8

56 1352 180 1408 sertum
211 1347 416 1408 restitantem
447 1366 485 1409 ac
515 1347 784 1425 tergiversantem
815 1347 848 1406 in
884 1346 1029 1408 Africam
1065 1353 1114 1409 at-

56 1445 223 1521 traxerim,
244 1444 332 1506 nulla
352 1465 425 1507 sum
444 1445 505 1508 tibi
525 1445 721 1508 verecundia
741 1445 928 1508 obstrictus.
973 1445 1114 1508 Proinde
1133 1457 1150 1503 a

56 1545 82 1606 si
107 1544 186 1623 quid
209 1544 252 1606 ad
275 1565 323 1621 ea,
349 1545 382 1605 in
405 1565 490 1624 quae
514 1552 586 1607 turn
609 1566 676 1625 pax
700 1551 904 1608 conventura
928 1545 1112 1620 videbatur,

56 1644 150 1724 quasi
179 1644 284 1706 multa
313 1644 448 1706 navium
479 1665 552 1707 curn
583 1651 768 1707 commeatu
797 1665 856 1723 per
885 1643 1031 1707 indutias
1059 1664 1114 1707 ex·

56 1749 277 1823 pugnatarum
294 1745 541 1824 legatorumque
559 1744 766 1820 violatorum,
786 1744 937 1820 adicitur,
957 1744 1113 1824 estquod

56 1844 194 1905 referam
217 1843 260 1905 ad
284 1844 468 1919 consilium,
504 1845 553 1905 sin
577 1844 631 1905 illa
655 1863 786 1923 quoque
810 1844 922 1922 gravia
946 1843 1112 1921 videntur,

56 1942 178 2004 bellurn
198 1949 323 2021 parate,
346 1944 502 2023 quoniam
523 1964 639 2022 pacem
659 1944 729 2023 pati
752 1964 819 2006 non
833 1944 1018 2022 'potuistis’

99 2042 153 2104 lta
166 2042 286 2104 infecta
299 2062 378 2121 pace
390 2062 431 2104 ex
444 2043 605 2122 colloquio
624 2043 667 2105 ad
680 2062 756 2105 suos
775 2062 849 2104 cum
861 2063 894 2106 se
907 2044 1112 2122 recepissent,
1134 2060 1164 2105 10

56 2143 178 2204 frustra
204 2142 304 2204 verba
331 2142 478 2221 praelata
505 2143 713 2206 renuntiant:
752 2143 850 2204 armis
876 2143 1115 2205 decernendum
1208 2167 1210 2169 ¹

56 2262 125 2305 esse
151 2241 402 2322 habendamque
427 2262 501 2304 eam
526 2242 705 2318 fortunam,
733 2263 833 2322 quam
859 2243 911 2305 dei
937 2242 1112 2307 dedissent.

57 2343 97 2403 In
124 2348 230 2404 castra
256 2348 294 2404 ut
317 2349 367 2404 est
393 2348 541 2418 ventum,
566 2343 784 2422 pronuntiant
806 2343 915 2418 ambo,
940 2363 1031 2405 arma
1056 2354 1164 2406 err-32

56 2441 207 2522 pedirent
228 2442 347 2504 milites
368 2441 560 2520 animosque
580 2441 623 2503 ad
643 2461 831 2520 supremum
853 2447 1027 2518 certamen,
1049 2463 1115 2505 non

57 2541 91 2603 in
120 2561 223 2603 unum
252 2540 338 2602 diem
367 2541 424 2603 sed
453 2541 486 2601 in
515 2549 721 2620 perpetuum,
752 2542 778 2604 si
807 2541 945 2604 felicitas
974 2542 1112 2619 adesset,

57 2642 207 2703 victores
254 2641 360 2703 Roma
385 2662 427 2703 an
451 2641 615 2720 Carthago
639 2642 709 2702 iura
734 2641 886 2719 gentibus
910 2640 1013 2717 daret,
1038 2648 1150 2705 antea

59 2740 236 2802 crastinam
267 2748 398 2804 noctem
429 2741 568 2803 scituros
576 2761 583 2816 ;
628 2761 733 2819 neque
764 2741 851 2802 enim
882 2740 1026 2803 Africam
1057 2747 1116 2804 aut
1184 2725 1193 2736 x

58 2840 201 2915 Italiam,
230 2840 286 2902 sed
314 2841 425 2902 orbem
453 2847 613 2902 terrarum
640 2840 797 2903 victoriae
823 2840 1005 2919 praemium
1031 2840 1115 2919 iore;

58 2959 118 3018 par
141 2939 321 3018 periculum
344 2940 499 3018 praemio,
525 2939 644 3018 quibus
668 2939 805 3001 adversa
829 2959 958 3018 pugnae
982 2940 1115 3003 fortuna

58 3039 183 3101 fuisset.
229 3040 314 3101 Nam
332 3059 438 3118 neque
456 3039 614 3101 Romanis
631 3039 788 3117 effugium
805 3038 909 3100 ullum
926 3040 1064 3118 patebat
1082 3041 1115 3102 in
1136 3054 1151 3101 3

59 3138 164 3200 aliena
197 3139 375 3218 ignotaque
407 3129 493 3201 terra
525 3144 559 3201 et
591 3137 780 3217 Carthagini
811 3157 963 3218 supremo
995 3140 1116 3202 auxilio

58 3239 162 3300 effuso
179 3238 291 3301 adesse
308 3238 484 3300 videbatur
500 3258 652 3318 praesens
669 3238 843 3300 excidium.

101 3337 153 3399 Ad
190 3337 251 3400 hoc
290 3338 462 3401 discrimen
500 3337 682 3418 procedunt
719 3343 850 3416 postero
888 3337 940 3400 die
977 3337 1152 3402 duorum4

59 3436 380 3516 opulentissimorum
401 3437 597 3516 populorum
617 3437 683 3499 duo
703 3436 798 3515 longe
819 3436 987 3499 clarissimi
1007 3438 1116 3514 duces,

60 3534 126 3598 duo
153 3536 321 3598 fortissimi
349 3538 520 3612 exercitus,
550 3535 655 3598 multa
683 3542 760 3597 ante
789 3542 884 3614 parta
913 3536 1032 3599 decora
1058 3543 1122 3599 aut
