2496 3908
70 250 230 315 omero,
244 251 355 317 so,sr.]
462 245 464 250 ·
553 250 646 301 mvr
1086 239 1128 303 89

72 447 149 490 curn
169 446 273 506 aeque
294 426 445 506 coniungi
465 427 621 506 possent?
664 426 749 503 Quia
768 425 920 490 videlicet
939 428 1036 506 plena
1055 409 1129 489 hos-

72 527 159 590 tium
181 527 291 589 omnia
312 527 347 587 in
370 526 477 590 medio
499 533 617 601 essent,
640 533 674 589 et
697 526 835 590 aliorum
857 546 958 606 quam
979 546 1039 589 sua
1061 547 1129 589 cor-

71 646 153 706 pora
188 632 285 688 tanto
318 626 461 705 periculo
495 625 631 689 mallent
665 625 801 689 obicere.
845 625 925 688 Aliis
959 646 1025 688 non
1059 634 1164 690 tamo

72 727 239 790 sententia
280 725 448 805 displicere
490 745 591 805 quam
632 725 761 788 animus
802 726 921 789 deesse.
966 728 1051 789 Tum
1092 727 1128 790 P.

72 827 286 906 Sempronius
306 825 491 888 Tuditanus
513 825 665 888 tribunus
686 826 828 888 militum
848 826 945 906 ‘Capi
965 846 1041 906 ergo
1062 847 1130 889 ma·
1211 846 1213 861 ¹

73 926 191 990 vultis’
229 926 337 1006 inquit
373 925 433 1014 ‘ab
469 925 661 987 avarissimo
697 932 731 988 et
769 925 989 989 crudelissimo
1025 927 1129 1003 hoste,
1208 944 1218 960 ·

73 1026 306 1105 aestimarique
324 1025 439 1105 capita
463 1032 573 1088 vestra
595 1033 629 1087 et
652 1025 779 1104 exquiri
802 1027 907 1104 pretia
930 1027 972 1088 ab
995 1027 1130 1090 interro·

73 1126 240 1206 gantibus,
260 1125 430 1186 Romanus
449 1124 528 1186 civis
546 1124 589 1185 sis
607 1145 650 1186 an
669 1125 806 1187 Latinus
823 1125 938 1201 socius,
958 1132 996 1188 ut
1013 1145 1054 1188 ex
1071 1132 1129 1188 tua

74 1225 274 1290 contumelia
295 1231 329 1287 et
351 1224 479 1287 miseria
501 1223 593 1286 alteri
616 1223 719 1286 honos
742 1226 941 1304 quaeratur?
985 1225 1059 1286 Non
1081 1231 1165 1300 tu,l

73 1327 100 1388 si
127 1326 261 1405 quidem
287 1324 323 1404 L„
350 1323 467 1386 Aemili
495 1323 645 1399 consulis,
673 1325 729 1403 qui
755 1343 788 1386 se
815 1323 897 1387 bene
923 1325 1004 1386 mori
1030 1344 1132 1403 quam

73 1427 217 1506 turpiter
234 1425 344 1487 vivere
363 1423 490 1498 maluit,
509 1431 543 1486 et
561 1429 612 1486 tot
631 1424 883 1486 fortissimorum
901 1424 1055 1499 virorum,
1075 1425 1132 1502 qui

73 1528 159 1589 circa
184 1545 261 1588 eum
288 1522 445 1586 cumulati
471 1524 590 1598 iacent,
618 1524 704 1585 cives
729 1524 816 1586 estis.
862 1523 926 1586 Sed
952 1530 1166 1603 antequam8

73 1626 232 1706 opprimit
250 1625 308 1686 lux
326 1623 514 1702 maioraque
533 1622 678 1685 hostium
696 1623 827 1700 agmina
846 1623 1041 1702 obsaepiunt
1059 1623 1131 1699 iter,

73 1747 131 1807 per
161 1725 231 1800 hos,
263 1723 319 1803 qui
354 1723 532 1784 inordinati
568 1730 668 1801 atque
698 1723 904 1801 incompositi
937 1722 1131 1801 obstrepunt

72 1826 188 1906 portis
205 1842 426 1902 erumpamus.
472 1823 570 1885 Ferro
586 1830 687 1902 atque
703 1822 841 1884 audacia
857 1822 911 1884 via
927 1822 964 1885 fit
981 1823 1132 1902 quamvis
1152 1832 1167 1877 9

72 1946 132 2006 per
159 1923 323 1987 confertos
349 1922 463 1986 hostis.
508 1923 618 1985 Cuneo
645 1923 779 2002 quidem
805 1921 867 1983 hoc
893 1922 1005 1984 laxum
1032 1930 1133 2002 atque

72 2026 221 2088 solutum
245 2043 372 2102 agmen,
397 2031 435 2086 ut
459 2022 485 2084 si
510 2022 589 2097 nihil
615 2022 735 2097 obstet,
761 2022 899 2084 disicias.
945 2023 1063 2103 Itaque
1088 2024 1132 2086 ite

73 2145 214 2200 mecum,
232 2124 288 2204 qui
304 2130 338 2187 et
355 2130 483 2185 vosmet
499 2122 587 2201 ipsos
602 2129 636 2186 et
653 2143 721 2184 rem
737 2121 904 2201 publicam
919 2122 1046 2184 salvam
1062 2123 1133 2184 vul-

73 2227 139 2288 tis!
186 2224 277 2287 Haec
305 2223 361 2285 ubi
388 2223 478 2286 dicta
506 2222 607 2297 dedit,
635 2223 766 2300 stringit
793 2222 939 2300 gladium
966 2242 1133 2302 cuneoque
1154 2232 1182 2277 10

72 2326 164 2387 facto
184 2342 242 2402 per
259 2323 383 2385 medios
402 2321 496 2384 vadit
515 2321 634 2397 hostis,·
664 2328 698 2384 et
717 2341 792 2383 cum
810 2321 949 2384 inlatus
968 2322 1131 2398 dextrum,
1154 2329 1181 2374 11

73 2424 164 2505 quod
189 2422 338 2502 patebat,
365 2422 528 2485 Numidae
552 2421 782 2496 iacularentur,
807 2421 976 2484 translatis
998 2422 1032 2482 in
1057 2422 1133 2484 dex·
1166 2492 1174 2502 Α

73 2533 164 2587 trum
194 2521 295 2585 scutis
324 2523 358 2583 in
389 2522 513 2583 maiora
544 2528 651 2584 castra
680 2520 723 2582 ad
753 2528 917 2584 sescentos
946 2529 1132 2596 evaserunt,

73 2630 176 2702 atque
199 2622 274 2684 inde
297 2620 446 2699 protinus
469 2621 533 2683 alio
556 2641 675 2698 magno
698 2620 827 2698 agmine
849 2620 1006 2683 adiuncto
1028 2621 1133 2683 Canu·

73 2724 160 2785 sium
191 2720 370 2783 incolumes
400 2720 607 2798 perveniunt.
653 2720 743 2783 Haec
774 2720 864 2799 apud
894 2720 1000 2783 victos
1031 2721 1133 2798 magis
1155 2729 1183 2773 12

74 2823 203 2900 impetu
221 2821 417 2895 animorum,
437 2839 536 2899 quem
553 2820 721 2897 ingenium
739 2839 835 2882 suum
855 2819 971 2899 cuique
991 2827 1049 2882 aut
1067 2821 1133 2881 fors

50 2953 53 2958 ·
74 2921 190 2996 dabat,
211 2940 312 3000 quam
330 2941 371 2984 ex
391 2919 523 2982 consilio
541 2919 688 2998 ipsorum
707 2926 766 2982 aut
784 2919 920 2999 imperio
941 2920 1134 2999 cuiusquam

75 3020 269 3100 agebantur.

119 3120 297 3182 Hannibali
329 3119 445 3182 victori
479 3139 553 3181 cum
585 3119 682 3182 ceteri
715 3119 900 3182 circumfusi
931 3119 1180 3198 gratularen-51

76 3229 132 3283 tur
156 3220 396 3298 suaderentque
421 3224 469 3294 ut,
496 3224 592 3281 tanto
618 3219 809 3297 perfunctus
834 3218 929 3294 bello,
955 3219 1018 3282 diei
1043 3218 1133 3299 quod

77 3321 239 3400 reliquum
257 3326 342 3381 esset
361 3319 532 3397 noctisque
550 3318 751 3397 insequentis
770 3319 915 3398 quietem
933 3324 967 3382 et
985 3319 1053 3397 ipse
1072 3318 1133 3380 sibi

77 3426 219 3482 sumeret
245 3426 279 3481 et
305 3418 397 3480 fessis
424 3419 517 3480 daret
544 3417 713 3493 militibus,
741 3417 922 3492 Maharbal,
950 3419 1168 3496 praefectus2

77 3521 238 3599 equitum,
261 3517 393 3580 minime
424 3516 616 3580 cessandum
643 3523 734 3580 ratus
755 3518 890 3592 ‘lmm0,
912 3524 950 3579 ut
972 3518 1051 3597 quid
1072 3517 1134 3579 hac
