2496 3908
138 119 181 182 42
616 125 706 175 LIVY
948 82 951 89 ³
1014 126 1113 193 [Boon
1123 127 1186 178 xri

138 301 298 376 terficere;
340 300 431 362 licuit
461 300 629 363 victricem
659 300 795 364 classem
823 301 856 362 in
886 301 1034 365 Africam
1064 303 1188 366 traicere

137 407 237 480 atque
258 400 345 461 intra
365 420 487 478 paucos
508 400 575 462 dies
594 400 662 462 sine
682 399 748 462 ullo
769 401 946 465 certamine
965 401 1189 481 Carthaginem

89 517 116 561 12
138 499 259 562 delere:
293 499 424 562 veniam
447 499 595 560 dedimus
618 499 837 577 precantibus
860 494 1095 564 emisimus'ex
1114 501 1189 564 obsi·

138 599 243 674 dione,
266 619 380 678 pacem
402 618 475 660 curn
496 599 592 661 victis
612 598 758 674 fecimus,
781 599 905 663 tutelae
925 600 1046 664 deinde
1066 607 1189 665 nostrae

89 715 117 760 13
137 699 290 761 duximus
316 719 390 761 cum
412 697 521 760 Africo
547 698 630 760 bello
654 705 854 777 urgerentur.
900 700 963 762 Pro
984 700 1036 764 his
1056 702 1191 782 imperti·

138 799 180 861 tis
193 798 352 861 furiosum
367 799 520 861 iuvenem
534 805 707 877 sequentes
721 806 951 878 oppugnatum
965 801 1113 880 patriam
1126 822 1191 865 nos·

138 906 224 961 tram
235 899 382 961 veniunt.
428 898 537 977 Atque
549 899 678 960 utinam
690 918 748 977 pro
760 899 874 962 decore
885 905 1021 962 tanturn
1032 900 1096 964 hoc
1106 901 1191 964 vobis

89 1016 117 1059 14
137 1005 171 1061 et
185 1018 250 1059 non
265 1018 323 1076 pro
338 999 443 1061 salute
458 1005 543 1061 esset
560 1001 743 1061 certamen!
789 999 863 1061 Non
878 999 918 1062 de
933 1001 1138 1078 possessione
1150 1000 1192 1064 Si-

139 1097 228 1160 ciliae
245 1118 282 1159 ac
299 1098 478 1172 Sardiniae,
497 1098 537 1160 de
554 1098 673 1177 quibus
691 1098 859 1176 quondam
876 1099 1048 1177 agebatur,
1066 1101 1126 1164 sed
1140 1120 1192 1181 pro

89 1210 118 1254 15
139 1197 236 1259 ltalia
252 1197 345 1259 vobis
359 1203 409 1259 est
425 1198 650 1276 pugnandum.
697 1198 764 1260 Nec
779 1204 829 1260 est
844 1198 926 1260 alius
942 1200 984 1261 ab
1000 1205 1095 1278 tergo
1110 1219 1192 1264 exer-

139 1296 231 1371 cituS,
247 1297 313 1375 qui,
328 1297 389 1357 nisi
404 1317 462 1358 nos
477 1297 648 1372 vincimus,
663 1297 749 1360 hosti
763 1298 914 1373 obsistat,
929 1318 989 1361 neo
1002 1299 1105 1379 Alpes
1118 1300 1193 1362 aliae
1235 1284 1237 1335 l

138 1403 225 1470 sunt,
249 1416 331 1475 quas
353 1396 433 1458 dum
454 1403 621 1475 superant,
645 1397 826 1475 comparari
848 1417 935 1459 nova
957 1399 1087 1477 possint
1108 1419 1193 1480 prae·

139 1496 231 1558 sidia.
278 1496 339 1558 Hic
356 1503 405 1558 est
422 1496 633 1570 obstandum,
652 1497 781 1572 militeS,
799 1497 891 1560 velut
907 1497 933 1559 si
950 1504 1029 1573 ante
1047 1499 1194 1561 Romana

91 1612 118 1657 16
141 1596 268 1658 moenia
282 1616 473 1674 pugnemus.
519 1597 611 1658 Unus
625 1596 762 1675 quisque
776 1583 888 1660 se'non
903 1617 1019 1675 corpus
1032 1617 1131 1661 suurn
1143 1596 1194 1662 sed

141 1696 310 1774 coniugem
333 1716 371 1757 ac
393 1695 511 1757 liberos
534 1715 653 1774 parvos
676 1696 775 1758 armis
798 1704 966 1775 protegere
990 1703 1088 1776 putet
1096 1719 1105 1776 ;
1141 1717 1195 1762 nec

141 1795 335 1857 domesticas
355 1795 461 1856 solum
481 1795 584 1874 agitet
605 1815 707 1870 ouras,
729 1796 785 1858 sed
805 1796 986 1859 identidem
1006 1796 1068 1859 hoc
1088 1799 1195 1860 animo

141 1901 280 1973 reputet,
296 1901 425 1955 nostras
439 1914 526 1956 nunc
541 1895 659 1957 intueri
675 1915 791 1956 manus
805 1902 958 1958 senatum
972 1896 1196 1978 populumque

92 2006 119 2051 17
141 1994 346 2056 Romanurn:
377 1993 482 2073 qualis
501 2002 614 2056 nostra
634 1994 683 2055 vis
703 1995 873 2074 virtusque
892 1995 1001 2071 fuerit,
1023 1996 1127 2061 talem
1146 1998 1196 2060 de-

142 2093 216 2155 inde
233 2093 401 2155 fortunam
417 2093 501 2155 illius
518 2094 607 2155 urbis
623 2115 661 2155 ao
678 2095 820 2156 Romani
837 2095 963 2173 imperii
979 2092 1131 2185 forez!

90 2201 133 2248 42
186 2194 275 2255 Haeo
305 2193 393 2271 apud
424 2194 590 2255 Romanos
621 2193 741 2255 consul.
788 2194 954 2256 Hannibal
984 2195 1081 2258 rebus
1110 2197 1197 2276 prius

143 2313 243 2372 quam
271 2293 378 2355 verbis
406 2292 629 2355 adhortandos
658 2294 777 2356 milites
805 2300 896 2356 ratus
925 2295 1129 2359 circumdato
1157 2295 1198 2359 ad

141 2393 364 2471 spectaculum
380 2393 525 2454 exercitu
542 2394 694 2472 captivos*
706 2401 881 2456 montanos
896 2394 1025 2456 vinctos
1040 2394 1075 2456 in
1091 2396 1197 2460 medio

142 2494 260 2555 statuit
295 2493 457 2570 armisque
492 2492 622 2554 Gallicis
656 2500 733 2556 ante
768 2494 866 2572 pedes
899 2514 1012 2556 eorum
1046 2495 1198 2581 proiectis

142 2593 339 2670 interrogare
355 2593 567 2670 interpretem
582 2592 686 2668 iussit,
702 2593 822 2671 ecquis
839 2593 865 2654 si
881 2593 1019 2655 vinculis
1033 2592 1198 2658 levaretur

142 2713 297 2771 armaque
313 2699 346 2754 et
361 2711 483 2770 equum
498 2692 604 2753 victor
618 2693 789 2771 acciperet,
807 2693 972 2755 decertare
987 2693 1072 2756 ferro
1088 2694 1195 2758 vellet.

106 2807 121 2850 a
142 2793 224 2854 Cum
249 2793 292 2854 ad
318 2811 420 2853 unum
446 2811 558 2853 omnes
584 2792 706 2854 ferrum
732 2812 942 2871 pugnamque
968 2800 1139 2872 poscerent
1165 2799 1197 2857 et

142 2893 267 2955 deiecta
290 2893 323 2952 in
345 2892 379 2953 id
401 2911 469 2952 sors
491 2898 586 2967 esset,
610 2911 643 2954 se
666 2892 803 2970 quisque
826 2912 902 2954 eum
924 2893 1074 2971 optabat,
1099 2914 1197 2974 quem

106 3003 120 3047 3
141 2993 274 3054 fortuna
294 2993 327 3052 in
348 2991 381 3053 id
402 2998 566 3054 certarnen
587 2991 722 3069 legeret;
755 2992 910 3070 cuiusque
931 3013 999 3054 sors
1019 2994 1196 3069 exciderat,

141 3092 248 3154 alacer
271 3092 356 3153 inter
379 3091 582 3169 gratulantes
605 3091 725 3168 gaudio
749 3091 901 3154 exultans
927 3112 1001 3153 cum
1025 3093 1074 3154 sui
1100 3095 1197 3156 moris

105 3204 119 3247 4
141 3192 292 3270 tripudiis
312 3211 402 3252 arma
422 3190 543 3269 raptim
562 3190 723 3269 capiebat.
769 3191 833 3252 Ubi
853 3211 930 3253 vero
949 3191 1153 3269 dimicarent,
1170 3193 1196 3254 is

140 3291 273 3353 habitus
298 3292 482 3353 animorum
506 3310 572 3352 non
597 3291 682 3352 inter
705 3291 850 3353 eiusdem
875 3292 973 3353 modo
999 3293 1196 3355 condicionis

140 3391 286 3454 homines
311 3398 381 3454 erat
406 3390 462 3453 sed
486 3389 588 3452 etiam
611 3389 698 3452 inter
721 3396 908 3469 spectantes
932 3390 1042 3468 vulgo,
1068 3399 1105 3453 ut
1131 3411 1196 3454 non
