2496 3908
89 241 374 308 cuimaaaaau]
581 243 671 293 mur
1033 253 1038 259 ·
1109 230 1151 296 47

89 416 319 498 speculandas,
344 417 461 480 obvius
483 418 521 480 fit
545 418 726 481 Hannibali
748 425 782 482 et
805 419 866 499 ipsi
890 438 964 482 cum
986 418 1152 499 equitibus

89 518 134 581 ad
149 517 354 596 exploranda
371 517 454 579 circa
469 517 540 579 loca
556 538 734 597 progresso
781 518 896 581 Neutri
912 518 1031 581 alteros
1046 519 1152 598 primo
1172 536 1188 581 4

91 617 288 692 cernebant;
328 616 457 679 densior
483 617 600 680 deinde
626 618 752 680 incessu
779 624 830 680 tot
858 618 1028 680 hominum
1054 639 1153 699 equo

91 738 165 780 rum
188 717 295 780 oriens
316 716 425 796 pulvis
446 717 574 796 signum
596 718 889 797 propinquantium
911 718 1056 780 hostium
1077 719 1152 781 fuit.

91 817 252 881 Consistit
281 822 459 896 utrumque
489 837 605 897 agmen
635 824 668 880 et
698 817 741 880 ad
770 818 929 896 proelium
959 838 1028 881 sese
1057 838 1154 898 expe-

92 918 241 980 diebant.
287 917 394 995 Scipio
421 917 614 980 iaculatores
639 923 673 980 et
699 917 809 980 Gallos
834 917 961 997 equites
987 919 1020 978 in
1046 918 1189 981 frontet

91 1019 191 1092 locat,
218 1017 388 1078 Romanos
413 1017 639 1096 sociorumque
664 1017 754 1097 quod
781 1018 904 1080 roboris
929 1018 993 1080 fuit
1020 1018 1053 1079 in
1079 1018 1154 1080 sub-

91 1117 199 1192 sidiis;
245 1115 412 1178 Hannibal
443 1117 590 1179 frenatos
621 1117 748 1196 equites
780 1117 814 1178 in
847 1118 991 1180 medium
1024 1118 1153 1196 accipit,

92 1236 216 1278 cornua
235 1215 386 1277 Numidis
403 1216 522 1278 firmat.
539 1295 543 1300 .
567 1217 712 1279 Vixdum
730 1217 869 1279 clamore
886 1218 1017 1279 sublato
1035 1217 1154 1280 iacula·
1174 1238 1190 1283 6

92 1323 181 1378 tores
202 1315 358 1394 fugerunt
380 1315 465 1378 inter
485 1316 629 1378 subsidia
651 1317 693 1378 ad
715 1316 892 1379 secundam
913 1317 1026 1380 aciem.
1073 1317 1155 1380 Inde

91 1415 246 1495 equitum
272 1421 437 1477 certamen
463 1422 533 1477 erat
560 1416 763 1495 aliquamdiu
789 1436 908 1495 anceps
916 1438 924 1493 ;
963 1417 1048 1492 dein,
1077 1417 1154 1496 quia

92 1515 277 1580 turbabant
296 1535 398 1593 equos
416 1515 542 1594 pedites
562 1516 754 1592 intermixti,
776 1494 888 1578 multis
907 1516 1095 1585 labentibus
1114 1537 1155 1579 ex

91 1615 186 1694 equis
220 1620 278 1676 aut
312 1614 546 1690 desilientibus
580 1615 637 1676 ubi
670 1634 745 1676 suos
778 1616 880 1694 premi
915 1617 1155 1678 circumventos

93 1714 265 1788 vidissent,
288 1714 353 1774 iam
375 1733 493 1792 magna
514 1721 670 1792 exparte
691 1715 734 1776 ad
756 1715 854 1793 pedes
875 1735 985 1793 pugna
1008 1722 1152 1791 venerat,

93 1814 198 1875 donec
220 1812 392 1888 Numidae,
414 1814 470 1892 qui
491 1814 524 1874 in
545 1814 697 1876 cornibus
717 1822 821 1889 erant,
845 1815 1053 1878 circumvecti
1074 1835 1154 1894 pau·
1175 1832 1189 1878 ‘l

91 1913 163 1975 lum
175 1913 218 1974 ab
230 1919 321 1990 tergo
334 1932 367 1975 se
379 1913 603 1976 ostenderunt.
657 1915 690 1974 ls
706 1934 810 1992 pavor
822 1915 959 1992 perculit
976 1915 1153 1991 Romanoa,

92 2013 254 2091 auxitque
282 2032 438 2090 pavorem
467 2013 607 2074 consulis
635 2013 754 2075 vulnus
782 2014 1028 2092 periculumque
1057 2015 1154 2076 inter-

93 2132 191 2175 cursu
221 2118 293 2173 tum
323 2112 465 2190 primum
495 2113 703 2190 pubescentis
733 2113 777 2173 fili
808 2113 1046 2192 propulsatum.
1092 2115 1190 2175 Hica

92 2213 155 2275 erit
180 2211 317 2286 iuvenis
341 2231 440 2290 penes
463 2231 561 2290 quem
584 2212 719 2290 poliecti
743 2212 876 2275 huiusce
900 2212 976 2274 belli
999 2213 1070 2275 laus
1093 2219 1153 2289 est,

92 2312 269 2373 Africanus
294 2310 336 2371 ob
361 2310 522 2390 egregiam
547 2311 721 2373 victoriam
746 2312 786 2374 de
813 2312 999 2374 Hannibale
1024 2313 1154 2375 Poenis-

92 2431 158 2490 que
174 2409 369 2490 appellatus.
414 2411 505 2489 Fuga
521 2417 633 2473 tamen
654 2411 757 2473 effusa
779 2411 996 2474 iaculatorum
1012 2413 1154 2475 maxime
1175 2429 1190 2474 a

92 2511 168 2585 fuit,
195 2529 278 2590 quos
303 2511 424 2588 primos
449 2511 612 2573 Numidae
637 2511 844 2588 invaserunt,
881 2512 964 2574 alius
990 2512 1155 2575 confertus

92 2609 265 2689 equitatus
281 2609 446 2672 consulem
462 2609 495 2670 in
511 2611 656 2672 medium
672 2619 844 2690 acceptum
860 2631 926 2672 non
942 2612 1041 2673 armis
1056 2612 1155 2674 modo

92 2708 150 2771 sed
175 2709 277 2772 etiam
303 2710 491 2787 corporibus
514 2710 580 2772 suis
604 2716 777 2789 protegens
802 2711 835 2771 in
860 2718 967 2772 eastra
991 2730 1155 2790 nusquam

93 2808 223 2888 trepide
252 2827 358 2887 neque
387 2809 488 2870 effuse
511 2809 654 2871 cedendo
677 2810 817 2872 reduxit.
863 2811 992 2873 Servati
1016 2810 1155 2873 consulis
1176 2823 1205 2868 10

94 2909 193 2971 decus
209 2908 336 2970 Coelius
351 2907 393 2969 ad
409 2928 539 2970 servum
554 2910 688 2971 natione
704 2910 855 2988 Ligurem
871 2909 999 2988 delegat
1007 2931 1015 2986 ς
1043 2911 1155 2975 malim

93 3008 247 3088 equidem
274 3007 315 3069 de
341 3008 406 3068 filio
433 3028 547 3070 verum
574 3029 652 3084 esse,
680 3009 769 3088 quod
796 3016 829 3072 et
856 3009 964 3088 plures
990 3009 1155 3072 tradidere
1192 3026 1225 3095 43

94 3114 245 3170 auctores
261 3114 294 3170 et
310 3107 399 3168 fama
415 3107 569 3170 obtinuit.

137 3209 209 3269 Hoc
231 3207 374 3286 primurn
396 3227 470 3269 cum
487 3208 671 3271 Hannibale
690 3209 848 3286 proelium
863 3209 943 3285 fuit;
971 3229 1037 3289 quo
1058 3209 1204 3273 sacile47

94 3307 249 3386 apparuit
266 3307 418 3385 equitatu
434 3307 599 3369 meliorem
615 3309 761 3370 Poenum
778 3329 846 3371 esse
862 3315 895 3370 et
911 3309 953 3370 ob
970 3309 1003 3371 id
1020 3329 1153 3388 campos

93 3407 250 3486 patentia,
279 3407 391 3485 quales
418 3413 495 3468 sunt
522 3407 607 3468 inter
633 3406 761 3468 Padum
788 3407 961 3486 Alpesque,
989 3408 1074 3470 bello
1101 3429 1153 3488 ge-

94 3506 194 3569 rendo
205 3506 368 3568 Romanis
379 3512 475 3585 aptos
487 3526 552 3567 non
564 3526 642 3568 esse.
689 3508 807 3585 ltaque
819 3508 968 3585 proxima
982 3514 1078 3570 nocte
1090 3509 1153 3570 ius·
1174 3514 1188 3558 2
