2496 3908
90 282 193 335 σωκ.
204 287 229 346 2,
243 284 283 350 a]
585 283 676 334 mvr
1113 272 1154 337 95

55 484 59 487 “
90 461 125 522 in
147 461 291 524 Siciliam
312 459 535 539 deportatum,
557 480 598 522 ne
619 461 709 540 prius
731 460 806 523 inde
827 460 1027 536 dimittatur,
1049 478 1150 540 quam

91 561 196 623 hostis
209 580 250 623 ex
263 560 361 622 Italia
373 560 557 635 decesserit,
571 566 604 622 et
617 559 679 622 hoc
692 559 779 622 idern
792 560 826 620 iu
838 559 896 622 Cn.
910 559 1006 621 Fulvi
1018 546 1149 639 legioni-

91 660 154 722 bus
173 678 277 739 nuper
294 659 478 722 decretum:
507 658 566 721 Cn.
586 659 703 722 Fulvio
721 659 835 738 lugam
852 679 892 721 ex
909 658 1031 739 proelio
1049 659 1149 738 ipsius
1171 678 1199 722 15

91 760 281 822 temeritate
307 760 479 821 commisso
504 759 703 837 impunitam
726 778 805 834 esse,
831 764 965 822 etcum
990 760 1022 819 in
1047 778 1150 838 ganea

91 859 280 937 lustrisque,
313 858 371 921 ubi
405 859 575 920 iuventam
608 859 719 937 egerit,
752 865 955 921 senectutem
988 865 1149 933 acturum,

92 958 225 1034 milites,
248 959 304 1038 qui
325 957 405 1019 nihil
428 957 518 1020 aliud
540 959 758 1037 peccaverint,
781 978 881 1037 quam
904 957 992 1037 quod
1014 959 1150 1037 impera·
1172 977 1200 1022 ic

92 1059 175 1121 toris
192 1058 313 1119 similes
330 1057 463 1132 fuerint,
483 1057 643 1136 relegatos
660 1077 761 1136 prope
779 1056 812 1117 in
831 1057 963 1119 exilium
981 1058 1150 1136 ignomini-

91 1177 186 1220 osam
210 1158 281 1237 pati
307 1157 469 1219 militiam.
514 1155 605 1219 Adeo
630 1158 789 1235 imparem
813 1157 1000 1219 libertatem
1025 1157 1151 1220 Romae

92 1259 154 1320 diti
178 1277 217 1319 ao
239 1256 388 1336 pauperi,
412 1255 574 1318 honorato
597 1265 698 1336 atque
722 1255 917 1319 inhonorato
940 1277 1017 1319 esse.
1062 1257 1187 1321 Reuss

91 1357 136 1420 ab
148 1376 183 1419 se
196 1355 326 1434 culpam
339 1356 373 1416 in
385 1355 506 1418 milites
518 1355 754 1418 transferebat:
778 1375 834 1418 eos
845 1356 996 1418 ferociter
1006 1374 1151 1435 pugnam

92 1455 258 1536 poscentis
275 1454 454 1534 productos
471 1456 504 1515 in
523 1455 639 1530 aciem,
659 1474 724 1516 non
742 1474 780 1516 eo
799 1475 864 1533 quo
882 1456 1055 1531 voluerint,
1073 1456 1151 1535 quia

92 1575 202 1618 serum
217 1555 280 1616 diei
292 1554 402 1630 fuerit,
417 1553 474 1615 sed
487 1560 618 1632 postero
632 1553 694 1629 die,
709 1560 743 1616 et
756 1560 903 1632 tempore
916 1561 950 1617 et
962 1555 1033 1617 loco
1046 1575 1151 1634 aequo

93 1646 283 1730 instructos
305 1674 362 1716 seu
383 1654 508 1715 famam
529 1673 586 1716 seu
608 1654 676 1715 vim
697 1652 842 1715 hostium
863 1674 929 1715 non
950 1655 1149 1717 sustinuisse.

93 1755 177 1817 Cum
202 1755 304 1817 effuse
329 1774 441 1816 omnes
465 1753 627 1832 fugerent,
653 1773 687 1815 se
713 1772 843 1832 quoque
869 1754 966 1816 turba
992 1754 1150 1831 ablatum,
1171 1775 1186 1820 2

93 1862 133 1917 ut
164 1855 344 1916 Varronem
374 1853 536 1915 Cannensi
567 1873 688 1932 pugna,
720 1859 758 1915 ut
789 1853 911 1915 multos
941 1854 1021 1915 alios
1051 1855 1152 1933 impe-

93 1961 229 2016 ratores
274 1953 338 2029 Qui
369 1959 481 2015 autern
512 1953 618 2015 solum
649 1973 683 2015 se
714 1958 894 2015 restantem
925 1952 1076 2032 prodesse
1107 1955 1187 2018 reis

93 2054 255 2133 publicae,
290 2053 352 2114 nisi
385 2053 412 2115 si
446 2072 533 2113 mors
566 2071 625 2114 sua
659 2051 801 2115 remedio
835 2052 973 2130 publicis
1007 2051 1153 2115 cladibus

92 2153 207 2216 futura
237 2159 333 2229 esset,
364 2153 533 2230 potuisse?
576 2152 606 2212 N
609 2172 651 2213 on
681 2172 715 2214 se
746 2152 857 2230 iuopia
889 2159 1090 2215 commeatus
1119 2153 1187 2217 ins

93 2253 165 2315 loca
191 2253 304 2331 iniqua
330 2252 461 2314 incaute
487 2251 676 2327 deductum,
702 2271 769 2313 non
794 2251 923 2330 agmine
948 2251 1153 2331 inexplorato

92 2359 228 2416 euntem
258 2352 383 2413 insidiis
413 2352 688 2427 circumventum;
730 2352 763 2412 vi
792 2357 917 2430 aperta,
947 2353 1055 2427 armis,
1085 2353 1153 2414 acie

93 2452 231 2514 victum.
277 2452 344 2514 Nec
370 2470 503 2514 suorum
528 2451 655 2512 animos
680 2471 739 2512 nec
760 2449 905 2512 hostium
930 2451 963 2511 in
988 2457 1153 2530 potestate

94 2551 264 2614 habuisse:
303 2569 400 2613 suum
429 2551 545 2629 cuique
573 2551 738 2628 ingenium
766 2550 939 2612 audaciam
966 2557 1025 2613 aut
1052 2571 1153 2629 pavo-

94 2672 163 2714 rem
188 2651 305 2713 facere,
351 2651 407 2712 Bis
431 2656 482 2712 est
508 2656 681 2712 accusatus
706 2650 910 2729 pecuniaque
935 2651 1137 2730 anquisitum
1143 2669 1187 2727 ;u

94 2751 194 2814 tertio
221 2750 362 2813 testibus
388 2749 485 2826 datis,
515 2769 599 2826 cum,
627 2756 858 2828 praeterquam
886 2749 974 2829 quod
1001 2751 1153 2813 omnibus

94 2851 222 2929 probris
244 2850 452 2925 onerabatur,
474 2850 573 2911 iurati
594 2848 748 2929 permulti
769 2848 914 2912 dicerent
934 2849 1031 2929 fugae
1051 2870 1153 2929 pavo-

94 2951 204 3030 risque
232 2950 362 3012 initium
390 2970 409 3011 a
436 2954 587 3029 praetore
615 2956 735 3025 ortum,
764 2948 806 3010 ab
834 2969 872 3028 eo
899 2948 1044 3012 desertos
1071 2949 1153 3011 mili·

96 3057 155 3126 teS,
186 3069 261 3111 cum
288 3048 377 3111 haud
405 3068 528 3111 vanum
556 3049 708 3111 timorem
736 3048 827 3111 ducis
856 3049 1033 3126 crederent,
1062 3056 1187 3130 tergas

96 3149 233 3226 dedisse,
263 3156 358 3212 tanta
386 3150 433 3211 ira
461 3169 597 3211 accensa
624 3156 684 3226 est,
712 3155 752 3211 ut
781 3149 887 3228 capite
914 3149 1153 3228 anquirendum

97 3250 207 3311 contio
241 3248 466 3311 succlamaret.
512 3249 561 3311 De
594 3268 633 3310 eo
667 3267 797 3328 quoque
830 3268 954 3310 novum
990 3256 1188 3315 certamenr

97 3356 223 3425 ortum,
258 3369 335 3411 nam
359 3368 432 3410 cum
455 3349 505 3411 bis
526 3349 664 3428 pecunia
687 3349 893 3427 anquisisset,
917 3350 1015 3411 tertio
1038 3350 1153 3428 capitis

98 3469 131 3511 se
162 3450 333 3528 anquirere
364 3449 495 3524 diceret,
528 3448 651 3509 tribuni
682 3448 786 3526 plebis
821 3448 977 3526 appellati
1015 3449 1187 3527 collegaea

99 3554 260 3626 negarunt
276 3568 310 3610 se
327 3548 360 3608 in
376 3567 468 3608 mora
484 3566 563 3623 esse,
581 3566 647 3626 quo
663 3547 781 3623 minus,
799 3547 887 3625 quod
903 3548 932 3609 ei
948 3566 1038 3610 more
1054 3549 1154 3609 maio-
