2496 3908
59 127 338 192 durissimos]
544 125 633 174 nrvr
738 87 740 92 ’
1076 112 1117 175 65

58 307 114 367 nia
139 303 325 384 pulvinaria
349 302 485 377 indicta,
509 307 543 364 et
567 300 669 363 Genio
694 300 831 362 maiores
855 299 982 362 hostiae
1006 318 1117 362 caesae

58 405 217 485 quinque,
244 409 278 466 et
303 403 338 464 C.
366 402 486 464 Atilius
511 399 667 463 Serranus
693 406 825 479 praetor
851 407 930 462 vota
956 400 1118 478 suscipere
1140 415 1167 460 10

58 506 177 579 iussus,
206 503 233 564 si
261 502 295 563 in
323 501 435 564 decem
463 520 567 563 annos
595 520 644 562 res
672 499 803 578 publica
830 499 945 562 eodem
973 499 1118 562 stetisset

57 610 163 667 statu.
209 603 300 665 Haec
314 606 489 680 procurata
503 606 648 679 votaque
661 620 703 662 ex
716 599 805 660 libris
819 599 985 677 Sibyllinis
999 618 1118 677 magna
1140 614 1166 658 11

57 725 100 766 ex
116 709 211 782 parte
225 701 419 764 levaverant
435 700 586 777 religione
602 699 737 761 animos.

100 801 283 865 Consulum
310 799 555 877 designatorum
583 798 665 861 alter
693 799 881 875 Flaminius
912 800 962 861 cui
990 819 1046 862 eae
1074 800 1167 862 leoss

58 904 182 982 giones,
215 920 301 981 quae
332 899 519 962 Placentiae
549 898 778 974 hibernabant,
811 906 898 962 sorte
929 906 1117 975 evenerant,

57 1003 208 1064 edictum
234 1007 268 1063 et
295 1000 422 1062 litteras
449 999 492 1061 ad
520 998 684 1061 consulem
713 1000 811 1074 misit,
840 1007 877 1062 ut
905 1000 931 1060 is
958 1001 1119 1062 exercitus

58 1102 170 1164 idibus
196 1100 324 1163 Martiis
350 1099 488 1160 Arimini
514 1099 643 1162 adesset
669 1099 702 1160 in
729 1100 853 1161 castris
900 1100 961 1161 Hic
988 1101 1020 1161 in
1047 1109 1153 1180 pro-2

58 1202 171 1264 vincia
194 1200 402 1262 consulatum
424 1199 504 1262 inire
528 1199 697 1261 consilium
719 1207 790 1261 erat
814 1200 948 1262 memori
971 1206 1120 1262 veterum

59 1300 281 1365 certaminum
302 1319 376 1362 cum
397 1299 557 1378 patribus
580 1319 664 1378 quae
686 1299 837 1361 tribunus
859 1299 961 1378 plebis
981 1306 1015 1362 et
1036 1319 1120 1379 quae

58 1409 178 1482 postea
194 1399 305 1463 consul
321 1400 410 1478 prius
425 1399 465 1462 de
481 1399 663 1474 consulatu,
676 1400 732 1478 qui
748 1399 979 1477 abrogabatur,
994 1400 1067 1462 dein
1081 1401 1120 1463 de

59 1499 231 1580 triumpho
242 1500 419 1575 habuerat;
439 1499 563 1561 invisus
574 1499 676 1561 etiam
688 1499 836 1578 patribus
853 1509 922 1562 erat
939 1500 981 1560 ob
999 1520 1120 1561 novam
1141 1507 1155 1550 ³

59 1603 177 1680 legem,
199 1620 300 1680 quam
321 1600 360 1675 Q.
381 1598 537 1661 Claudius
557 1599 709 1660 tribunus
730 1598 832 1677 plebis
853 1598 1008 1661 adversus
1029 1620 1120 1662 sena·

60 1710 136 1766 tum
162 1707 263 1780 atque
288 1719 354 1762 uno
379 1707 512 1778 patrum
538 1698 717 1760 adiuvante
742 1698 776 1759 C.
804 1698 963 1761 Flaminio
988 1699 1119 1775 tulerat,

60 1823 102 1866 ne
129 1801 204 1882 quis
229 1807 362 1863 senator
387 1800 480 1861 cuive
505 1805 638 1861 senator
663 1804 757 1877 pater
780 1798 895 1860 fuisset
922 1799 1120 1861 maritimam

60 1923 195 1977 navem,
216 1921 300 1982 quae
321 1900 393 1979 plus
413 1920 515 1979 quam
534 1906 755 1962 trecentarum
775 1898 1008 1977 amphorarum
1027 1910 1121 1976 esset,

61 2003 212 2065 haberet.
258 2001 297 2063 Id
321 2000 402 2062 satis
425 1999 578 2062 habitum
602 1999 644 2061 ad
667 1999 794 2060 fructus
818 2019 859 2060 ex
882 2001 966 2076 agris
991 2010 1155 2063 vectam-⁴

61 2104 138 2179 dos;
172 2108 330 2181 quaestus
350 2100 456 2163 omnis
477 2099 626 2178 patribus
647 2099 817 2161 indecorus
838 2099 936 2161 visus
982 2101 1047 2163 Res
1068 2122 1124 2180 per

61 2222 230 2266 summam
254 2201 499 2264 contentionem
523 2206 597 2262 acta
621 2199 780 2260 invidiam
804 2201 892 2278 apud
916 2201 1123 2264 nobilitatem

61 2303 190 2367 suasori
217 2301 296 2380 legis
323 2301 495 2375 Flaminio,
522 2299 670 2361 favorem
699 2300 787 2377 apud
816 2300 943 2378 plebem
971 2301 1124 2363 alterum-

62 2424 129 2485 que
154 2402 231 2466 inde
258 2401 466 2464 consulatum
491 2400 627 2492 peperit.
674 2399 724 2461 Ob
751 2400 830 2462 haec
857 2410 947 2463 ratus
972 2404 1157 2481 auspiciis⁵

62 2502 282 2567 ementiendis
308 2502 567 2579 Latinarumque
592 2500 748 2562 feriarum
774 2521 864 2562 mora
890 2508 923 2564 et
951 2503 1125 2564 consulari-

64 2604 127 2666 bus
154 2601 226 2664 aliis
252 2600 496 2680 impedimentis
524 2607 707 2662 retenturos
734 2620 766 2662 se
794 2601 826 2661 in
853 2602 942 2677 urbe,
971 2604 1124 2665 simulato

64 2705 182 2766 itinere
208 2702 358 2781 privatus
384 2700 468 2762 clam
494 2700 527 2760 in
553 2701 755 2779 provinciam
782 2701 873 2763 abiit.
920 2703 968 2763 lla
995 2723 1043 2765 res
1068 2705 1124 2766 ubi
1143 2726 1157 2769 o

65 2803 182 2892 palam
201 2801 292 2864 facta
317 2808 367 2864 est
392 2821 516 2862 novam
541 2800 673 2879 insuper
698 2801 780 2861 iram
805 2801 931 2864 infestis
957 2803 1022 2864 iam
1048 2811 1125 2867 ante

64 2902 216 2983 patribus
234 2900 356 2963 movit:
384 2921 451 2963 non
469 2920 544 2962 cum
561 2907 680 2962 senatu
699 2901 796 2962 modo
814 2901 871 2963 sed
888 2902 954 2963 iam
973 2923 1047 2965 cum
1065 2905 1125 2966 diis

64 3000 308 3064 immortalibus
339 3000 373 3063 O.
407 2999 606 3061 Flaminium
638 2999 759 3061 bellum
790 3021 908 3078 gerere.
953 3002 1157 3071 Consulemr

65 3109 143 3165 ante
169 3100 375 3179 inauspicato
399 3099 529 3161 factum
555 3100 785 3162 revocantibus
810 3121 851 3163 ex
876 3101 946 3180 ipsa
972 3104 1039 3165 acie
1065 3104 1126 3165 diis

65 3209 167 3283 atque
194 3199 382 3263 hominibus
408 3219 474 3261 non
502 3200 647 3278 paruisse
655 3221 662 3276 ;
701 3220 788 3261 nunc
816 3202 1013 3264 conscientia
1040 3223 1126 3282 spre-

66 3309 176 3365 torum
213 3307 248 3362 et
281 3298 480 3377 Capitolium
516 3305 549 3361 et
586 3299 775 3361 sollemnem
812 3307 966 3362 votorum
1002 3322 1126 3365 nuncu-

67 3402 236 3482 pationem
257 3398 388 3475 fugisse,
412 3419 451 3461 ne
475 3398 526 3460 die
558 3399 630 3460 initi
663 3399 874 3475 magistratus
897 3401 985 3461 Iovis
1009 3403 1158 3481 optimi8

232 3512 250 3547 F
