2496 3908
108 251 215 302 onus.
233 248 453 315 13‚14,15‚la.]
611 236 704 297 nrvr'
1137 232 1179 298 15

112 425 221 488 ullum
248 423 420 487 discrimen
448 423 568 487 aetatis
595 423 643 484 ira
669 422 792 485 fecerat
818 429 852 485 et
880 422 1002 501 captivi
1036 420 1179 483 militum

115 525 242 604 praeda
267 524 410 598 fuerant,
438 529 550 585 tamen
576 528 610 584 et
636 542 677 585 ex
703 521 807 600 pretio
835 541 942 584 rerum
968 521 1214 584 venditarum2

115 624 328 704 aliquantum
352 623 509 702 pecuniae
534 622 706 685 redactum
729 641 798 685 esse
824 627 954 683 constat
978 627 1013 684 et
1039 620 1179 683 multam

115 723 298 804 pretiosam
317 721 551 802 supellectilem
570 727 762 800 vestemque
782 721 915 782 missam
935 720 1176 799 Carthaginem.

157 823 289 886 Octavo
312 842 422 884 mense
445 842 546 902 quam
570 828 723 900 coeptum
745 821 938 900 oppugnari,
964 828 1100 900 captum
1121 821 1178 883 Sa·
1198 829 1214 874 3

116 929 260 1001 guntum
281 922 418 1001 quidam
439 921 609 1000 scripsere;
643 920 718 983 inde
739 919 971 998 Carthaginem
993 921 1124 983 Novam
1145 921 1178 982 in

116 1021 255 1084 hiberna
284 1020 504 1084 Hannibalem
532 1021 740 1096 concessisse;
780 1020 897 1099 quinto
925 1019 1041 1083 deinde
1069 1040 1178 1083 mense

117 1142 219 1201 quam
239 1120 283 1182 ab
302 1120 499 1199 Carthagine
518 1120 683 1199 profectus
703 1119 755 1194 sit,
776 1119 809 1180 in
830 1118 963 1182 ltaliam
983 1119 1176 1198 pervenisse.

116 1223 209 1297 Quae
235 1220 262 1282 si
288 1220 336 1282 ita
361 1227 449 1295 sunt,
476 1220 543 1283 fieri
569 1239 635 1281 non
661 1219 781 1299 potuit,
809 1225 847 1281 ut
873 1219 909 1280 P.
936 1218 1102 1282 Cornelius
1127 1219 1176 1281 Ti.
1197 1227 1213 1271 4

116 1319 329 1400 Sempronius
350 1319 496 1385 consules
515 1319 637 1382 fuerint
657 1319 700 1381 ad
720 1331 802 1398 quos
821 1324 855 1382 et
876 1318 1033 1398 principio
1054 1339 1178 1399 oppug-

116 1420 261 1484 nationis
284 1419 382 1498 legati
405 1419 578 1497 Saguntini
603 1419 690 1481 missi
714 1419 780 1480 sint
803 1425 837 1481 et
860 1418 915 1497 qui
939 1419 972 1479 in
995 1439 1053 1481 suo
1077 1418 1177 1498 magi·

116 1526 225 1583 stratu
250 1539 325 1582 curn
348 1518 545 1593 Hannibale,
570 1518 653 1581 alter
675 1519 717 1580 ad
740 1518 891 1580 Ticinum
913 1537 1054 1593 amnem,
1078 1517 1176 1581 ambo

116 1619 289 1699 aliquanto
320 1625 395 1698 post
425 1619 469 1680 ad
498 1617 661 1693 Trebiam,
693 1617 923 1697 pugnaverint.
968 1617 1036 1679 Aut
1066 1618 1212 1680 omnias

117 1718 267 1782 breviora
293 1717 465 1798 aliquanto
490 1718 580 1781 fuere
606 1724 665 1780 aut
691 1718 876 1795 Saguntum
903 1716 1060 1796 principio
1087 1717 1174 1793 anni,

117 1839 182 1898 quo
207 1819 244 1879 P.
269 1818 436 1881 Cornelius
460 1817 508 1879 Ti.
534 1817 744 1896 Sempronius
770 1816 916 1879 consules
940 1817 1084 1892 fuerunt,
1109 1837 1175 1879 non

117 1925 272 1998 coeptum
302 1917 484 1997 oppugnari
514 1923 575 1992 est,
606 1916 663 1993 sed
696 1923 840 1996 captum.
886 1916 972 1978 Nam
1002 1917 1156 1979 excessiss
1195 1928 1210 1974 o

117 2037 227 2096 pugna
251 2017 294 2078 ad
317 2016 470 2079 Trebiam
479 1992 526 2111 lin
543 1995 675 2078 ‘adrium
697 2016 755 2078 Cn.
780 2015 895 2079 Servili
919 2022 952 2078 et
975 2016 1009 2079 C.
1035 2016 1192 2095 Flaminis

116 2135 181 2178 non
203 2121 324 2195 potest,
347 2115 424 2194 quia
445 2116 479 2177 C.
502 2114 682 2177 Flaminius
702 2115 840 2176 Arimini
863 2115 1070 2177 consulatum
1090 2115 1191 2192 iniit„

117 2221 245 2278 creatus
271 2234 291 2276 a
316 2214 365 2275 Ti.
391 2215 583 2293 Sempronio
610 2215 750 2290 consule,
778 2215 833 2293 qui
861 2220 935 2293 post
961 2233 1106 2294 pugnam
1131 2216 1192 2278 ad*

115 2314 269 2376 Trebiam
300 2313 343 2376 ad
374 2313 531 2377 creandos
563 2314 709 2377 consules
740 2314 883 2376 Romam
914 2334 989 2376 cum
1020 2315 1172 2391 venisset,

117 2413 257 2499 comitiis
273 2413 425 2493 perlectis
442 2413 484 2475 ad
500 2414 681 2477 exercitum
696 2414 729 2475 in
745 2413 881 2477 hiberna
898 2413 1003 2476 rediit.

120 2504 142 2538 ⁰⁵
157 2513 225 2610 Sub
246 2512 334 2576 idern
353 2513 420 2576 fere
440 2519 571 2593 tempus
590 2519 624 2577 et
643 2513 752 2592 legati,
774 2514 830 2593 qui
851 2513 1013 2577 redierant
1033 2513 1076 2575 ab
1095 2514 1223 2577 Car-16

115 2606 260 2692 thagine‚
298 2612 441 2675 Romam
477 2612 674 2676 rettulerunt
711 2614 820 2676 omnia
857 2613 987 2675 hostilia
1022 2634 1101 2689 esse,
1138 2620 1172 2676 et

115 2712 254 2790 Sagunti
268 2712 433 2775 excidium
447 2713 638 2775 nuntiatum
652 2720 701 2776 est
709 2734 717 2789 ;
744 2720 922 2792 tantusque
936 2712 1032 2774 simul
1048 2733 1174 2777 maeror
1193 2725 1208 2770 a

115 2817 226 2891 patres
245 2811 529 2890 misericordiaque
548 2813 709 2875 sociorum
728 2819 972 2891 peremptorum
990 2813 1121 2890 indigne
1139 2819 1173 2876 et

116 2911 224 2989 pudor
237 2930 303 2972 non
318 2910 377 2973 lati
394 2910 506 2973 auxilii
521 2918 555 2974 et
573 2912 621 2973 ira
645 2912 678 2973 in
702 2912 984 2990 Carthaginienses
1001 2919 1173 2992 metusque

116 3010 155 3072 de
169 3029 300 3073 summa
315 3029 423 3073 rerum
438 3010 534 3089 cepit,
550 3011 641 3073 velut
655 3011 680 3073 si
696 3012 762 3072 iam
776 3011 818 3073 ad
833 3018 945 3090 portas
959 3012 1062 3074 hostis
1076 3018 1171 3088 esset,

115 3116 153 3172 ut
178 3116 231 3172 tot
256 3129 323 3171 uno
348 3115 496 3188 tempore
522 3109 666 3172 motibus
692 3111 792 3172 animi
819 3111 944 3173 turbati
970 3112 1173 3191 trepidarent

116 3209 219 3287 magis
245 3229 346 3289 quam
372 3208 593 3272 consulerent:
630 3230 707 3270 narn
732 3230 837 3289 neque
863 3210 992 3273 hostem
1016 3211 1208 3275 acriorems

115 3307 415 3389 bellicosioremque
439 3328 551 3372 secum
576 3328 782 3386 congressum
808 3331 867 3372 nec
893 3330 960 3371 rem
986 3310 1173 3373 Romanam

115 3415 186 3471 tam
216 3374 361 3499 desidem
389 3427 550 3486 umquam
577 3408 676 3470 fuisse
706 3416 806 3487 atque
835 3408 1008 3472 imbellem.
1053 3411 1208 3477 Sardoss

115 3508 297 3588 Corsosque
313 3513 348 3571 et
364 3507 494 3569 Histros
511 3512 612 3587 atque
629 3507 757 3585 Illyrios
773 3498 936 3570 lacessisse
954 3508 1055 3586 magis
1072 3530 1173 3590 quam

116 3614 130 3647 ln
