2496 3908
490 797 635 878 'arnan
664 814 798 878 xxvu

417 940 419 945 ¹
596 984 697 1044 40-51

70 1163 112 1212 40
163 1147 317 1210 Consules
353 1145 489 1209 diversis
525 1144 694 1207 itineribus
724 1144 862 1223 profecti
892 1145 934 1207 ab
970 1143 1053 1207 urbe
1089 1142 1177 1207 velut

122 1248 155 1308 in
198 1247 263 1308 duo
299 1247 421 1325 pariter
464 1244 548 1306 bella
590 1244 815 1306 distenderant
860 1263 953 1305 curas
997 1243 1177 1318 hominurn,

121 1347 216 1409 simul
245 1345 497 1420 recordantium,
527 1364 609 1422 quas
637 1344 761 1422 primus
789 1342 953 1405 adventus
983 1343 1178 1406 Hannibalis

86 1446 283 1509 aintulisset
313 1445 430 1507 Italiae
461 1444 578 1518 clades,
610 1443 705 1504 simul
737 1463 811 1505 cum
841 1443 895 1504 illa
925 1449 1060 1521 angeret
1092 1463 1177 1517 cura,

121 1566 202 1626 quoa
233 1552 303 1608 tam
333 1544 492 1623 propitios
522 1543 595 1604 urbi
625 1549 725 1621 atque
757 1543 892 1621 imperio
922 1542 991 1605 fore
1022 1541 1111 1618 deos,
1142 1548 1179 1604 ut

32 1678 35 1684 ·
121 1645 234 1708 eodem
269 1652 415 1722 ternpore
449 1643 624 1722 utrobique
657 1662 707 1703 res
740 1642 872 1720 publica
905 1661 1059 1720 prospere
1092 1662 1178 1721 gere

121 1747 232 1807 retur?
276 1743 392 1804 Adhuc
423 1742 561 1805 adversa
592 1741 742 1804 secundis
773 1741 942 1820 pensando
973 1760 1042 1802 rem
1073 1741 1116 1804 ad
1147 1742 1179 1803 id

86 1852 251 1922 atempus
279 1848 463 1904 extractam
491 1861 575 1904 esse:
618 1860 692 1902 cum
721 1841 754 1900 in
783 1841 881 1902 ltalia
911 1839 953 1902 ad
982 1840 1178 1903 Trasumen-

121 1965 200 2006 num
233 1950 267 2005 et
300 1943 429 2005 Cannas
462 1940 708 2020 praecipitasset
743 1940 894 2002 Romana
929 1960 988 2015 res,
1023 1960 1178 2019 prospera

85 2058 100 2101 4
122 2045 205 2107 bella
227 2045 260 2104 in
283 2042 441 2120 Hispania
464 2041 650 2120 prolapsam
671 2061 745 2102 eam
766 2040 920 2116 erexisse;
955 2046 1081 2119 postea,
1106 2060 1180 2103 curn

122 2146 154 2206 in
190 2143 348 2223 Hispania
382 2141 445 2203 alia
480 2161 577 2220 super
609 2140 708 2201 aliam
743 2138 849 2202 clades
883 2140 1012 2202 duobus
1046 2141 1180 2220 egregiis

122 2244 259 2306 ducibus
280 2242 408 2326 amissis
431 2241 513 2303 duos
536 2240 697 2303 exercitus
721 2260 761 2303 ex
784 2245 879 2318 parte
901 2239 1050 2316 delesset,
1074 2241 1180 2303 multa

121 2344 263 2407 secunda
289 2342 445 2403 initalia
471 2341 644 2429 Siciliaque
670 2348 762 2420 gesta
788 2348 979 2421 quassatam
1005 2362 1073 2404 rem
1098 2343 1180 2422 pub

86 2445 218 2505 alicam
250 2442 412 2521 excepisse
420 2463 427 2518 ;
472 2448 505 2504 et
538 2443 645 2521 ipsum
678 2442 888 2504 intervallum
919 2442 992 2518 loci,
1025 2442 1116 2522 quod
1148 2443 1180 2504 in

123 2544 246 2606 ultimis
267 2550 427 2605 terrarum
449 2543 512 2604 oris
534 2543 674 2605 alterurn
696 2543 817 2605 bellum
838 2549 1012 2622 gereretur,
1035 2543 1180 2621 spatium

87 2643 249 2706 odedisse
282 2643 324 2704 ad
357 2642 599 2721 respirandum:
645 2664 731 2706 nunc
765 2643 830 2706 duo
863 2644 948 2707 bella
981 2643 1014 2704 in
1047 2642 1181 2705 Italiam

124 2751 268 2822 accepta,
310 2743 375 2805 duo
417 2743 613 2805 celeberrimi
653 2744 794 2805 nominis
834 2743 933 2806 duces
973 2744 1182 2806 circumstare

124 2844 238 2905 urbem
271 2844 466 2918 Romanam,
501 2850 534 2905 et
567 2863 670 2905 unum
703 2844 736 2905 in
768 2844 876 2905 locum
909 2851 1016 2907 totam
1048 2843 1181 2923 periculi

125 2944 253 3019 molem,
270 2964 365 3006 omne
382 2965 463 3006 onus
483 2945 675 3007 incubuisse.
722 2945 784 3021 Qui
806 2965 919 3007 eorum
937 2948 1024 3025 prior
1039 2947 1180 3022 vicisset,

125 3045 211 3105 intra
227 3063 348 3122 paucos
365 3045 433 3106 dies
450 3051 555 3106 castra
573 3065 647 3107 cum
663 3045 765 3107 altero
782 3045 980 3108 iuncturum.
1025 3046 1182 3109 Terrebat

90 3160 113 3204 r
125 3151 158 3206 et
177 3143 345 3222 proximus
365 3164 470 3206 annus
489 3145 634 3223 lugubris
653 3145 793 3207 duorum
814 3147 982 3208 consulum
1002 3147 1180 3209 funeribus.

127 3245 186 3305 His
198 3244 286 3304 anxii
300 3245 384 3306 curis
395 3245 542 3306 homines
555 3244 771 3323 digredientes
794 3246 826 3306 in
839 3248 1023 3324 provincias
1036 3248 1183 3310 consules

90 3358 104 3402 8
126 3344 289 3423 prosecuti
315 3352 401 3406 sunt.
447 3345 622 3407 Memoriae
648 3345 816 3424 proditum
841 3354 890 3408 est
916 3347 1049 3424 plenum
1075 3347 1182 3410 adhuc

127 3445 192 3507 irae
209 3445 242 3504 in
260 3445 339 3506 civis
356 3445 398 3506 Μ.
417 3445 547 3506 Livium
564 3445 606 3506 ad
623 3445 744 3507 bellum
760 3446 1019 3524 proficiscentem
1036 3448 1182 3510 monenti

638 3542 686 3591 114
