2496 3908
143 239 183 306 74
311 281 314 288 -
627 247 717 298 mvr
1001 249 1198 314 [nooxxxu.

140 432 175 489 et
197 426 378 489 tuebantur
401 427 497 502 civeS,
522 425 625 488 donec
650 424 788 488 Insuber
810 445 909 505 eques
922 461 962 468 —
977 426 1119 504 Ducario
1142 447 1198 489 no

141 546 215 588 men
236 532 306 588 erat
319 560 360 567 -
372 525 455 587 facie
470 544 600 604 quoque
621 525 788 587 noscitans
809 526 974 587 consulem
989 527 1073 586 ‘En'
1089 527 1197 606 inquit
1223 549 1230 560 ·

141 624 208 687 ‘hic
233 626 297 687 est'
323 625 536 703 popularibus
560 625 636 699 suis,
663 624 735 703 ‘qui
760 624 901 702 legiones
926 632 1055 687 nostras
1081 626 1197 688 cecidit

104 744 299 804 eagrosque
332 730 366 787 et
399 723 514 785 urbem
548 730 597 786 est
632 723 868 802 depopulatusl
913 724 985 785 lam
1018 745 1078 803 ego
1113 725 1197 787 hano

141 825 310 887 victimam
343 824 495 885 manibus
526 829 772 901 peremptorum
804 823 899 885 foede
932 824 1053 885 civium
1087 825 1195 886 dabo!

140 923 352 1002 Subditisque
374 922 552 984 calcaribus
573 941 658 1001 equo
679 941 737 1000 per
758 923 1030 985 confertissimam
1052 923 1197 987 hostiurn

140 1024 272 1086 turbam
288 1023 450 1101 impetum
466 1022 557 1097 facit,
576 1022 839 1101 obtruncatoque
856 1023 946 1101 prius
963 1024 1123 1101 armigero
1141 1025 1197 1104 qui

140 1143 173 1186 se
201 1123 320 1185 infesto
349 1122 493 1184 venienti
523 1121 655 1184 obviam
685 1122 858 1197 obiecerat,
890 1122 1055 1184 consulem
1083 1123 1196 1185 lancea

140 1223 320 1299 transfixit,
372 1222 510 1300 spoliare
551 1222 736 1300 cupientem
777 1222 879 1283 triarii
920 1222 1056 1284 obiectis
1096 1224 1197 1285 scutis

104 1334 279 1385 sarouere.
324 1322 462 1400 Magnae
489 1322 593 1400 partis
620 1320 698 1399 fuga
726 1321 801 1383 inde
829 1322 970 1400 primum
1000 1323 1123 1401 coepit,
1163 1329 1196 1385 et

139 1423 204 1484 iam
226 1442 284 1484 nee
304 1421 394 1483 lacus
414 1441 473 1483 nee
493 1427 623 1483 montes
639 1421 758 1499 pavori
779 1421 975 1484 obstabant:
1007 1441 1066 1500 per
1086 1423 1196 1484 omnia

114 1598 117 1612 Ι
139 1529 211 1584 arta
233 1528 476 1600 praeruptaque
497 1521 588 1583 velut
611 1521 697 1583 caeci
719 1520 876 1597 evadunt,
900 1541 1057 1601 armaque
1078 1528 1113 1584 et
1135 1523 1195 1584 viri

103 1633 119 1679 6
139 1641 236 1701 super
246 1622 325 1684 alios
335 1620 387 1683 alii
401 1621 669 1699 praecipitantur.
701 1621 781 1682 Pars
792 1640 922 1699 magna,
934 1621 990 1683 ubi
999 1621 1089 1684 locus
1099 1622 1196 1701 fugae

139 1722 239 1797 deest,
259 1741 316 1800 per
333 1721 437 1800 prima
456 1720 542 1782 vada
558 1719 689 1798 paludis
707 1721 879 1803 inaquam
897 1722 1065 1799 progressi,
1084 1722 1195 1801 quoad

140 1822 302 1901 capitibus
323 1821 509 1899 umerisque
537 1827 665 1882 exstare
698 1826 847 1898 possunt,
882 1840 950 1882 sese
986 1821 1193 1900 immergunt.

102 1922 242 1984 ‘lFuere
273 1940 355 2000 quos
387 1919 600 1995 inconsultus
620 1939 724 1998 pavor
755 1919 865 1981 nando
896 1921 997 1982 etiam
1030 1940 1195 1999 capessere

137 2022 249 2100 fugam
269 2020 442 2098 impulerit,
460 2038 544 2098 quae
563 2019 619 2080 ubi
639 2020 797 2080 immensa
817 2039 854 2081 ae
873 2020 942 2081 sine
961 2040 1018 2098 spe
1037 2028 1118 2096 erat,
1136 2011 1222 2083 aut⁸

137 2121 362 2184 deficientibus
388 2120 505 2181 animis
530 2119 766 2180 hauriebantur
789 2120 972 2197 gurgitibus
997 2126 1056 2181 aut
1081 2121 1194 2199 nequi-

138 2241 238 2302 quam
256 2221 331 2282 fessi
351 2219 437 2280 vada
456 2225 542 2281 retro
561 2219 736 2296 aegerrime
755 2220 948 2298 repetebant
968 2225 1068 2298 atque
1087 2220 1132 2281 ibi
1151 2221 1194 2281 ab

101 2336 119 2406 ⁸,
137 2321 286 2400 ingressis
304 2338 426 2399 aquam
444 2318 588 2380 hostiurn
606 2318 772 2396 equitibus
790 2320 912 2397 passim
930 2319 1192 2381 trucidabantur.

137 2423 201 2485 Sex
220 2420 309 2481 milia
328 2419 430 2481 ferme
450 2418 546 2496 primi
567 2419 705 2495 agminis
725 2438 783 2496 per
802 2419 956 2481 adversos
977 2418 1079 2480 hostis
1099 2439 1194 2498 erup-

137 2523 225 2585 tione
238 2520 374 2598 impigre
386 2518 485 2593 facta,
501 2518 603 2597 ignari
617 2518 763 2579 omniurn
777 2537 861 2597 quae
874 2525 949 2597 post
962 2538 995 2580 se
1008 2525 1192 2597 agerentur,

136 2643 154 2684 e
173 2620 259 2683 saltu
279 2638 420 2693 evasere,
442 2624 475 2680 et
497 2637 571 2679 cum
591 2617 624 2677 in
644 2618 772 2679 tumulo
792 2618 937 2697 quodam
958 2619 1192 2694 constitissent,

138 2722 311 2783 clamorem
330 2718 428 2780 modo
447 2738 485 2779 ac
504 2737 620 2779 sonum
640 2737 805 2779 armorum
824 2718 1005 2794 audientes
1026 2738 1110 2798 quae
1128 2719 1192 2780 for·

137 2827 218 2883 tuna
234 2839 362 2898 pugnae
377 2824 462 2880 esset
478 2836 583 2897 neque
599 2817 678 2879 seire
694 2837 753 2880 nee
768 2819 948 2896 perspicere
963 2838 1040 2897 prae
1057 2819 1193 2901 caligine

101 2925 299 2999 apoterant.
346 2918 508 2979 Inclinata
540 2917 680 2996 denique
711 2937 744 2979 re
776 2936 849 2979 cum
881 2918 1096 2981 incalescente
1127 2920 1193 2981 sole

137 3019 280 3098 dispulsa
307 3017 426 3079 nebula
452 3018 631 3096 aperuisset
658 3016 754 3094 diem,
782 3024 854 3079 tum
880 3017 1004 3096 liquida
1030 3020 1096 3080 iarn
1122 3005 1193 3081 luce

137 3125 264 3184 montes
303 3118 474 3196 campique
511 3116 656 3195 perditas
694 3136 743 3179 res
780 3123 985 3197 stratamque
1022 3119 1193 3182 ostendere

88 3234 117 3280 10
137 3219 230 3281 foede
250 3217 565 3290 Romanamaciem.
611 3217 739 3296 Itaque,
760 3236 800 3279 ne
819 3218 851 3277 in
872 3225 1061 3296 conspectos
1080 3219 1192 3297 procul

138 3319 370 3381 immitteretur
395 3335 502 3394 eques,
525 3315 663 3378 sublatis
684 3317 805 3395 raptim
826 3318 925 3395 signis
946 3338 1046 3397 quam
1069 3309 1210 3381 citatis?

89 3435 116 3478 11
138 3422 219 3482 simo
251 3423 404 3496 poterant
436 3415 563 3493 agmine
594 3435 663 3478 sese
694 3417 917 3495 abripuerunt.
963 3419 1098 3479 Postero
1130 3419 1192 3487 die,

141 3540 213 3581 rum
239 3536 335 3595 super
361 3522 466 3577 cetera
492 3520 638 3576 extrema
663 3516 767 3578 fames
792 3516 893 3578 etiam
920 3517 1067 3592 instaret,
1094 3518 1192 3581 fidem
