2496 3908
58 235 159 286 onim.
175 235 286 300 soma]
535 236 624 286 mvr
657 289 661 297 .
947 298 949 301 ,
1052 225 1116 290 129

58 432 139 492 pace
158 431 208 475 res
227 411 313 474 inter
330 432 364 475 se
383 411 574 475 contrahere
597 412 775 490 vendendo,
797 413 946 490 emend0,
963 420 1117 477 mutuum

59 511 169 575 dando
189 519 362 589 argentum
378 512 604 592 creditumque
619 513 776 576 solvendo
792 514 961 577 auderent.

101 613 136 675 C.
157 611 312 682 Claudius
334 612 444 674 consul
467 613 595 675 cumin
616 620 723 676 castra
743 614 889 690 redisset,
912 621 1012 694 caput
1033 614 1117 676 Has·
1137 630 1165 677 11

59 712 215 788 drubaliS,
237 713 326 792 quod
346 720 515 776 servatum
535 734 610 776 cum
630 734 707 776 cura
727 714 896 791 attulerat,
918 715 1018 794 proici
1039 721 1117 778 ante

59 812 205 877 hostium
231 813 390 875 stationes
417 813 631 894 captivosque
657 814 754 877 Afros
779 815 918 891 vinctos,
946 822 984 879 ut
1010 822 1115 892 erant,

60 913 199 989 ostendi,
223 913 304 975 duos
325 914 426 976 etiam
446 899 488 976 eir
507 914 546 976 iis
567 914 691 977 solutos
711 915 757 977 ire
777 915 820 977 ad
842 914 1063 978 Hannibalem
1083 921 1117 978 et

58 1033 260 1092 expromere,
292 1033 376 1093 quae
406 1020 481 1077 acta
511 1021 629 1091 essent,
661 1014 765 1077 iussit.
811 1015 988 1091 Hannibal,
1020 1021 1116 1078 tanto
1138 1029 1166 1074 12

59 1113 155 1176 simul
192 1113 322 1193 publico
359 1113 575 1193 familiarique
611 1115 696 1178 ictus
731 1114 833 1191 luctu,
861 1115 1058 1193 adgnoscere
1083 1135 1117 1178 se

59 1213 229 1276 fortunam
264 1214 470 1292 Carthaginis
505 1215 609 1277 fertur
644 1215 763 1278 dixisse
770 1236 778 1292 ;
827 1215 1006 1294 castrisque
1041 1214 1167 1278 inde13

61 1314 169 1389 motis,
197 1320 236 1377 ut
262 1315 371 1376 omnia
399 1315 530 1390 auxilia,
559 1334 643 1393 quae
670 1315 788 1377 diffusa
814 1314 914 1377 latius
940 1315 1024 1378 tueri
1050 1333 1117 1378 non

60 1420 202 1493 poterat,
227 1415 261 1474 in
285 1422 469 1477 extremum
493 1414 610 1477 Italiae
634 1414 791 1493 angulum
815 1414 964 1477 Bruttios
990 1421 1119 1479 eontra-

60 1514 162 1589 heret,
197 1521 231 1577 et
266 1514 520 1594 Metapontinos,
557 1515 727 1578 civitatem
761 1515 957 1591 universam,
993 1515 1117 1578 excitos

60 1614 192 1676 sedibus
218 1613 294 1688 suis,
321 1620 355 1676 et
382 1615 589 1677 Lucanorum
615 1615 671 1694 qui
697 1635 775 1678 suae
802 1614 938 1678 dicionis
963 1620 1058 1678 erant
1083 1613 1118 1676 in

61 1713 232 1775 Bmttium
247 1732 362 1790 agrum
378 1713 537 1776 traduxit.
