2496 3908
138 229 180 294 58
626 240 716 290 arvr
1012 243 1111 308 [3001
1122 243 1190 295 xxr
1232 206 1235 225 ¹

482 339 581 426 tc

138 423 216 480 sunt
249 423 308 480 aut
339 417 426 480 inter
459 415 704 478 cunctationem
735 415 938 494 ingrediendi
971 415 1014 479 ab
1048 417 1191 481 hostibus

102 517 299 597 roppressi;
338 516 394 596 qui
422 515 543 594 passim
570 534 627 593 per
653 534 747 592 agros
774 515 853 592 fuga
879 515 982 594 sparsi
1009 522 1117 593 erant,
1143 517 1192 580 alii

138 617 276 694 vestigia
302 615 446 679 cedentis
471 620 645 694 sequentes
670 614 808 691 agminis
834 614 1039 678 Placentiam
1064 625 1192 680 conten-

138 717 223 792 dere,
251 715 321 777 aliis
348 715 448 777 timor
473 714 619 776 hostium
646 713 820 775 audaciam
846 713 1048 791 ingrediendi
1075 716 1193 779 flumen

71 878 74 884 Δ
102 816 225 892 611111,
248 814 505 894 transgressique
526 813 561 874 in
583 809 691 874 castra
714 820 943 891 pervenerunt.
989 813 1103 878 Imber
1123 815 1193 878 nive

138 916 261 978 mixtus
283 920 317 978 et
339 912 546 976 intoleranda
569 912 618 974 vis
640 912 768 990 frigoris
790 918 834 975 et
847 911 995 975 homines
1018 914 1142 977 multos
1162 920 1193 978 et

101 1016 284 1078 tiumenta
313 1011 569 1117 etpelephantos
600 1032 701 1091 prope
731 990 845 1078 omnisl
867 1012 1063 1092 absumpsit.
1109 1014 1193 1076 Finis

136 1114 328 1194 insequendi
351 1112 454 1175 hostis
478 1112 595 1175 Poenis
618 1113 740 1175 flumen
763 1111 881 1174 Trebia
903 1111 978 1188 fuit,
1002 1112 1109 1177 etita
1132 1120 1193 1177 tor·

137 1221 251 1295 pentes
274 1213 379 1292 gelu
371 1233 405 1274 in
431 1219 500 1276 cast
502 1232 538 1274 ra
486 1212 685 1276 trediere
708 1218 747 1274 ut
771 1211 829 1272 vix
852 1211 1015 1275 laetitiam
1039 1213 1194 1277 victoriae

100 1315 305 1377 asentirent.
351 1314 470 1392 Itaque
509 1318 606 1375 nocte
646 1312 841 1392 insequenti,
809 1313 1194 1477 fcufflffiium

137 1421 318 1477 castrorum
349 1419 383 1476 et
417 1412 507 1493 quod
541 1412 702 1492 reliquum
734 1432 774 1475 ex
809 1413 939 1491 fugas
992 1432 1071 1475 enni

136 1534 255 1592 magna
284 1519 377 1593 parte
405 1513 548 1575 militum
574 1519 645 1575 erat
674 1511 800 1574 ratibus
828 1511 1022 1574 Trebiamt
1008 1513 1192 1589 traicerent,

100 1632 116 1677 9
136 1620 195 1676 aut
210 1613 290 1674 nihil
307 1633 434 1676 sensere
447 1613 661 1691 obstrepente
678 1611 791 1691 pluvia
807 1617 876 1686 aut,
894 1612 1056 1691 quiaiam
1072 1613 1193 1676 moveri

135 1713 318 1793 nequibant
348 1732 425 1792 prae
455 1711 647 1774 lassitudine
678 1732 716 1773 ac
746 1711 945 1787 vulneribus
976 1712 1098 1776 sentire
1128 1733 1193 1776 sese

136 1813 393 1888 dissimularunt,
421 1812 606 1892 quietisque
632 1812 749 1874 Poenis
776 1811 878 1874 tacito
860 1811 1034 1889 oagmine
1060 1813 1104 1874 ab
1131 1813 1194 1877 Sci·

136 1913 231 1992 pione
258 1912 388 1975 consule
412 1912 575 1975 exercitus
601 1911 726 2019 Placqp
722 1911 804 1993 tiam
829 1917 879 1974 est
905 1912 1093 1990 perductus,
1121 1913 1194 1976 inde

136 2014 263 2076 Padot
249 2013 365 2075 traiect
368 2033 387 2074 o
352 2012 614 2087 t,Oremonam
637 1979 841 2074 deduorum
863 2011 1068 2075 exercituum
1089 2011 1194 2077 hiber·

136 2114 186 2175 nis
202 2132 269 2201 una
285 2088 411 2174 11111111
429 2117 639 2189 premeretur.

85 2220 127 2269 57
179 2192 321 2276 Romam
339 2218 454 2274 tantus
472 2217 576 2274 terror
593 2232 635 2273 ex
651 2211 713 2272 hac
733 2211 824 2274 clade
843 2211 987 2291 perlatus
1004 2219 1055 2276 est
1073 2214 1138 2277 ut
1130 2234 1195 2276 1am

137 2314 179 2375 ad
210 2313 325 2375 urbem
357 2312 544 2374 Romanam
577 2311 744 2374 crederent
730 2312 810 2374 tin
811 2313 874 2374 1111
876 2312 903 2373 11
935 2312 1034 2390 signis
1066 2312 1194 2378 hostem

136 2420 323 2487 venturum,
343 2432 402 2475 nec
422 2411 600 2492 quicquam
619 2412 687 2491 spei
708 2419 766 2474 aut
786 2411 898 2474 auxilii
918 2432 1072 2492 essequo
1092 2415 1194 2494 portis

100 2514 370 2591 2moenibusque
402 2511 471 2573 vim
503 2518 667 2574 arcerent:
710 2531 776 2573 uno
809 2512 939 2575 consule
971 2512 1014 2575 ad
1044 2513 1195 2576 Ticinum

135 2613 223 2674 victo
246 2612 387 2674 alterurn
409 2633 449 2674 ex
471 2611 579 2674 Sicilia
602 2618 810 2688 revocatum;
845 2612 973 2674 duobus
997 2613 1193 2691 consulibus,

136 2712 264 2775 duobus
286 2711 509 2774 consularibus
530 2711 728 2773 exercitibus
750 2711 856 2786 victis,
880 2731 962 2790 quos
983 2712 1064 2775 alios
1085 2714 1193 2790 duces,

100 2819 115 2863 3
136 2832 217 2891 quas
243 2812 323 2873 alias
348 2811 489 2889 legiones
515 2831 583 2874 esse
610 2831 694 2890 quae
720 2813 949 2877 arcessantur?
994 2813 1048 2875 Ita
1074 2814 1195 2877 territis

135 2912 345 2990 Sempronius
371 2911 481 2973 consul
507 2911 803 3005 advenum-ingenti
828 2911 970 2990 periculo
995 2932 1053 2991 per
1075 2913 1195 2977 effusos

136 3011 257 3091 passim
283 3012 326 3073 ad
352 3012 578 3089 praedandum
604 3010 750 3073 hostium
775 3011 902 3090 equites
928 3011 1067 3074 audacia
1093 3014 1195 3092 magis

136 3132 237 3192 quarn
259 3111 391 3173 consilio
413 3116 471 3173 aut
492 3131 552 3197 spe
569 3110 704 3173 fallendi
726 3110 948 3187 resistendive,
971 3112 997 3172 si
1018 3133 1086 3175 non
1105 3113 1196 3177 falle-

100 3223 116 3266 4
137 3219 196 3288 ret,
210 3219 439 3290 transgressus.
454 3246 457 3250 ,
473 3210 577 3286 inde,
592 3211 681 3290 quod
693 3230 797 3273 unum
810 3212 952 3274 maxime
964 3212 998 3272 in
1011 3214 1195 3291 praesentia

137 3313 394 3386 desiderabatur,
425 3311 564 3373 comitiis
595 3310 818 3372 consularibus
847 3309 969 3373 habitis
997 3312 1031 3372 in
1060 3312 1195 3377 hiberna

137 3413 242 3475 rediit.
287 3412 395 3474 Creati
437 3411 597 3514 consules1
616 3411 673 3473 Cn.
702 3411 857 3474 Servilius
890 3417 923 3474 et
952 3412 986 3474 C.
1016 3413 1195 3477 Flaminius

136 3515 261 3577 iterum.
