2496 3908
106 245 148 310 12
594 256 685 305 mvr
980 257 1166 323 [aooxxxr.

106 431 195 510 quod
214 438 383 495 caementa
401 451 467 494 non
487 432 573 495 calce
592 432 710 495 durata
728 439 833 508 erant,
852 432 910 496 sed
928 433 1075 496 interlita
1094 433 1165 497 luto

70 536 289 594 astructurae
323 531 460 611 antiquo
493 551 618 610 genere.
673 533 792 612 ltaque
825 532 925 595 latius
959 553 1062 612 quam
1099 554 1166 615 qua

107 630 304 706 caederetur,
326 631 452 705 ruebat,
474 652 595 711 perque
615 632 765 710 patentia
785 632 885 694 ruinis
905 633 1037 711 agmina
1057 653 1166 696 arma-

57 753 86 799 10
106 736 216 792 torum
232 731 266 791 in
283 730 399 793 urbem
416 730 594 794 radebant.
640 732 764 794 Locum
781 752 912 811 quoquc
929 732 1058 795 editum
1077 735 1166 815 capi-

104 835 166 893 unt
195 829 384 910 collatisque
411 851 449 893 eo
478 831 655 909 catapultis
682 831 896 911 ballistisque,
924 839 963 894 ut
992 833 1166 896 castellum

104 930 137 991 in
163 930 234 1010 ipsa
260 930 339 993 urbe
366 930 456 994 velut
482 951 591 994 arcem
616 932 843 994 imminentem
868 930 1039 1008 haberent,
1069 953 1165 996 muro

105 1029 324 1106 circumdant,
354 1037 387 1092 et
406 1021 578 1108 Saguntini
598 1050 728 1094 murum
746 1031 934 1094 interiorem
952 1031 994 1093 ab
1013 1033 1166 1096 nondum

55 1152 82 1198 11
104 1135 202 1208 capta
219 1137 312 1209 parte
329 1131 418 1192 urb1s
436 1130 571 1193 ducunt.
616 1132 791 1210 Utrimque
808 1151 937 1193 summa
955 1132 1038 1194 vict
1057 1133 1165 1194 muni-

103 1235 165 1293 unt
188 1237 221 1292 et
246 1237 394 1308 pugnant
402 1251 409 1307 ;
445 1230 502 1293 sed
525 1231 680 1293 interiora
704 1231 828 1294 tuendo
853 1232 1013 1294 minorem
1036 1232 1070 1292 in
1095 1232 1165 1296 dies

54 1351 83 1396 12
103 1329 218 1392 urbem
240 1331 412 1407 Saguntini
434 1331 572 1393 faciunt.
616 1330 718 1393 Simul
744 1332 858 1394 crescit
881 1331 993 1410 inopia
1015 1333 1166 1395 omnium

103 1429 199 1507 longa
230 1429 398 1493 obsidione
419 1437 453 1493 et
484 1431 644 1493 minuitur
677 1431 864 1509 expectatio
891 1438 1049 1494 externae
1076 1433 1163 1511 opis,

104 1550 179 1592 cum
203 1537 273 1593 tam
298 1530 408 1608 procul
434 1531 585 1606 Romani,
612 1531 708 1592 unica
733 1551 815 1609 speS,
843 1531 926 1592 circa
951 1532 1062 1593 omnia
1087 1532 1164 1595 hos-

55 1649 83 1695 13
104 1630 188 1692 tium
206 1636 324 1693 essent.
370 1630 538 1710 Paulisper
557 1638 668 1693 tamen
688 1631 835 1694 adfectos
855 1632 981 1693 animos
1001 1633 1163 1695 recreavit

103 1730 273 1808 repentina
310 1730 468 1808 profectio
506 1730 701 1792 Hannibalis
731 1731 764 1790 in
810 1731 970 1793 Oretanos
1006 1731 1163 1817 Carpeta-

102 1848 236 1909 nosque,
266 1831 322 1908 qui
351 1829 416 1892 duo
445 1830 556 1909 populi
585 1830 722 1892 dilectus
751 1831 930 1893 acerbitate
960 1833 1162 1894 consternati

102 1930 238 1992 retentis
271 1930 545 2009 conquisitoribus
578 1937 704 1992 metum
737 1930 928 1993 defectionis
962 1950 1036 1993 cum
1069 1951 1163 2010 prae-

103 2029 261 2104 buissent,
286 2030 429 2108 oppressi
456 2029 620 2092 celeritate
646 2029 840 2091 Hannibalis
865 2030 1045 2092 omiserunt
1069 2038 1162 2120 mota

56 2144 206 2194 12arma.
252 2129 318 2191 Nec
341 2130 478 2207 Sagunti
503 2129 705 2208 oppugnatio
728 2129 856 2206 segnior
877 2137 948 2191 erat
972 2129 1163 2193 Maharbale

106 2228 298 2291 Himilconis
326 2229 391 2290 filio
404 2249 534 2291 —eum
563 2229 762 2307 praefecerat
792 2228 958 2290 Hannibal
972 2231 1073 2292 —ita
1102 2232 1162 2293 im·

104 2329 192 2407 pigre
215 2348 283 2391 rem
304 2336 421 2406 agente
443 2336 481 2391 ut
504 2329 621 2392 ducem
642 2329 754 2392 abesse
776 2349 835 2390 nec
859 2330 944 2391 cives
967 2349 1026 2391 nec
1049 2329 1162 2394 hostes

52 2446 83 2492 a
103 2428 272 2491 sentirent.
318 2429 350 2488 Is
373 2437 407 2491 et
432 2428 552 2507 proelia
577 2428 702 2508 aliquot
727 2429 870 2491 secunda
893 2429 971 2492 fecit
996 2436 1029 2492 et
1055 2430 1161 2493 tribus

104 2527 260 2589 arietibus
289 2527 496 2606 aliquantum
532 2530 614 2589 muri
651 2528 802 2590 discussit
837 2535 1008 2608 strataque
1052 2532 1163 2594 omnia

68 2642 84 2687 3
104 2627 287 2690 recentibus
309 2628 409 2689 ruinis
430 2627 617 2690 advenienti
641 2628 818 2689 Hannibali
841 2630 996 2691 ostendit.
1042 2630 1162 2709 ltaque

103 2727 147 2789 ad
176 2727 282 2805 ipsam
311 2746 419 2789 arcem
448 2727 614 2806 extemplo
645 2728 764 2790 ductus
794 2729 965 2803 exercitus,
998 2735 1161 2808 atroxque

95 2826 264 2905 proelium
285 2847 360 2889 cum
381 2827 560 2890 multorum
582 2829 748 2908 utrimque
770 2828 868 2891 caede
889 2828 1009 2890 initum
1029 2835 1064 2891 et
1086 2849 1161 2909 pars

15 2924 45 3049 ’ὃ
105 2927 187 2989 arcis
203 2933 300 3005 capta
315 2933 375 2991 est.

39 3036 42 3046 '
146 3026 323 3104 Temptata
335 3026 451 3090 deinde
462 3047 519 3106 per
529 3027 611 3090 duos
621 3035 670 3090 cst
681 3029 798 3106 engua
809 3028 898 3107 pacis
908 3048 991 3107 spec,
1004 3028 1162 3092 Alconem

69 3150 85 3195 4
105 3126 324 3203 Saguntinum
337 3133 371 3189 et
384 3126 539 3189 Alorcum
554 3128 749 3207 Hispanum.
795 3128 873 3190 Alco
887 3129 994 3189 insciis
1008 3129 1162 3206 Sagunti-

105 3227 165 3301 nis,
183 3225 332 3305 precibus
347 3226 471 3307 aliquid
488 3234 655 3290 moturum
672 3236 773 3304 ratus,
791 3228 923 3290 eumad
941 3228 1162 3292 Hannibalem

106 3331 207 3388 noctu
225 3327 405 3402 transisset,
425 3334 602 3406 postquam
620 3327 699 3388 nihil
718 3329 869 3390 lacrimae
889 3328 1068 3391 movebant
1088 3349 1163 3390 con-

107 3424 314 3504 dicionesque
334 3426 443 3488 tristes
464 3433 501 3488 ut
522 3427 564 3488 ab
585 3428 669 3489 irato
691 3428 814 3490 victore
833 3428 1034 3503 ferebantur,
1056 3434 1163 3490 trans·

106 3525 184 3603 fuga
206 3545 247 3587 ex
269 3531 397 3588 oratore
418 3526 526 3588 factus
549 3527 638 3605 apud
659 3527 789 3590 hostem
811 3528 942 3602 mansit,
966 3527 1162 3591 moriturum
