<?xml version="1.0" encoding="UTF-8"?>
<!DOCTYPE html PUBLIC "-//W3C//DTD XHTML 1.0 Transitional//EN"
    "http://www.w3.org/TR/xhtml1/DTD/xhtml1-transitional.dtd">
<html xmlns="http://www.w3.org/1999/xhtml" xml:lang="en" lang="en">
 <head>
  <title>
</title>
<meta http-equiv="Content-Type" content="text/html;charset=utf-8" />
  <meta name='ocr-system' content='tesseract 3.04.00' />
  <meta name='ocr-capabilities' content='ocr_page ocr_carea ocr_par ocr_line ocrx_word'/>
</head>
<body>
  <div class='ocr_page' id='page_1' title='image "./livysecondpunic00livygoog_0167.png"; bbox 0 0 2496 3908; ppageno 0'>
   <div class='ocr_carea' id='block_1_1' title="bbox 143 254 1200 336">
    <p class='ocr_par' dir='ltr' id='par_1_1' title="bbox 143 254 1200 336">
     <span class='ocr_line' id='line_1_1' title="bbox 143 254 1200 336; baseline 0.004 -19"><span class='ocrx_word' id='word_1_1' title='bbox 143 254 207 317; x_wconf 89' lang='lat'><strong>140</strong></span> <span class='ocrx_word' id='word_1_2' title='bbox 275 320 277 323; x_wconf 76' lang='grc'><strong>,</strong></span> <span class='ocrx_word' id='word_1_3' title='bbox 626 270 718 321; x_wconf 74' lang='lat' dir='ltr'><strong>crvx</strong></span> <span class='ocrx_word' id='word_1_4' title='bbox 1003 269 1100 336; x_wconf 70' lang='lat' dir='ltr'><strong>[Boon</strong></span> <span class='ocrx_word' id='word_1_5' title='bbox 1112 271 1200 322; x_wconf 82' lang='lat' dir='ltr'><strong>xxx</strong></span> 
     </span>
    </p>
   </div>
   <div class='ocr_carea' id='block_1_2' title="bbox 95 442 1220 3610">
    <p class='ocr_par' dir='ltr' id='par_1_2' title="bbox 95 442 1220 3610">
     <span class='ocr_line' id='line_1_2' title="bbox 143 442 1200 526; baseline 0.003 -23"><span class='ocrx_word' id='word_1_6' title='bbox 143 442 387 507; x_wconf 86' lang='lat' dir='ltr'><strong>Hadrumetum</strong></span> <span class='ocrx_word' id='word_1_7' title='bbox 413 444 567 525; x_wconf 77' lang='lat' dir='ltr'><strong>perfugit,</strong></span> <span class='ocrx_word' id='word_1_8' title='bbox 595 447 705 508; x_wconf 92' lang='lat' dir='ltr'><strong>omnia</strong></span> <span class='ocrx_word' id='word_1_9' title='bbox 731 454 765 508; x_wconf 91' lang='lat' dir='ltr'><strong>et</strong></span> <span class='ocrx_word' id='word_1_10' title='bbox 792 447 918 526; x_wconf 90' lang='lat' dir='ltr'><strong>integro</strong></span> <span class='ocrx_word' id='word_1_11' title='bbox 944 445 1067 526; x_wconf 93' lang='lat' dir='ltr'><strong>proelio</strong></span> <span class='ocrx_word' id='word_1_12' title='bbox 1094 452 1129 508; x_wconf 89' lang='lat' dir='ltr'><strong>et</strong></span> <span class='ocrx_word' id='word_1_13' title='bbox 1155 446 1200 506; x_wconf 89' lang='lat' dir='ltr'><strong>in-</strong></span> 
     </span>
     <span class='ocr_line' id='line_1_3' title="bbox 107 541 1210 626; baseline 0.004 -24"><span class='ocrx_word' id='word_1_14' title='bbox 107 541 285 605; x_wconf 78' lang='lat' dir='ltr'><strong>nclinante</strong></span> <span class='ocrx_word' id='word_1_15' title='bbox 312 544 391 620; x_wconf 93' lang='lat' dir='ltr'><strong>acie,</strong></span> <span class='ocrx_word' id='word_1_16' title='bbox 419 545 611 624; x_wconf 85' lang='lat' dir='ltr'><strong>priusquam</strong></span> <span class='ocrx_word' id='word_1_17' title='bbox 638 546 809 608; x_wconf 78' lang='lat' dir='ltr'><strong>excederet</strong></span> <span class='ocrx_word' id='word_1_18' title='bbox 836 565 957 626; x_wconf 92' lang='lat' dir='ltr'><strong>pugna,</strong></span> <span class='ocrx_word' id='word_1_19' title='bbox 985 551 1143 625; x_wconf 87' lang='lat' dir='ltr'><strong>expertus</strong></span> <span class='ocrx_word' id='word_1_20' title='bbox 1168 551 1210 608; x_wconf 86' lang='lat' dir='ltr'><strong>et.</strong></span> 
     </span>
     <span class='ocr_line' id='line_1_4' title="bbox 143 643 1201 726; baseline 0.003 -21"><span class='ocrx_word' id='word_1_21' title='bbox 143 643 343 705; x_wconf 88' lang='lat' dir='ltr'><strong>confessione</strong></span> <span class='ocrx_word' id='word_1_22' title='bbox 357 644 458 706; x_wconf 88' lang='lat' dir='ltr'><strong>etiam</strong></span> <span class='ocrx_word' id='word_1_23' title='bbox 472 645 631 723; x_wconf 86' lang='lat' dir='ltr'>Scipionis</span> <span class='ocrx_word' id='word_1_24' title='bbox 645 646 858 726; x_wconf 90' lang='lat' dir='ltr'><strong>omniumque</strong></span> <span class='ocrx_word' id='word_1_25' title='bbox 871 645 1053 725; x_wconf 90' lang='lat' dir='ltr'><strong>peritorum</strong></span> <span class='ocrx_word' id='word_1_26' title='bbox 1066 644 1201 708; x_wconf 89' lang='lat' dir='ltr'><strong>militiae</strong></span> 
     </span>
     <span class='ocr_line' id='line_1_5' title="bbox 142 742 1201 823; baseline 0.003 -20"><span class='ocrx_word' id='word_1_27' title='bbox 142 742 231 804; x_wconf 91' lang='lat' dir='ltr'><strong>illam</strong></span> <span class='ocrx_word' id='word_1_28' title='bbox 246 742 378 806; x_wconf 90' lang='lat' dir='ltr'><strong>laudem</strong></span> <span class='ocrx_word' id='word_1_29' title='bbox 393 743 544 823; x_wconf 88' lang='lat' dir='ltr'><strong>adeptus,</strong></span> <span class='ocrx_word' id='word_1_30' title='bbox 562 745 716 822; x_wconf 84' lang='lat' dir='ltr'>singulari</span> <span class='ocrx_word' id='word_1_31' title='bbox 732 751 803 807; x_wconf 87' lang='lat' dir='ltr'><strong>arte</strong></span> <span class='ocrx_word' id='word_1_32' title='bbox 818 745 922 815; x_wconf 85' lang='lat' dir='ltr'><strong>aciem</strong></span> <span class='ocrx_word' id='word_1_33' title='bbox 937 764 975 806; x_wconf 91' lang='lat' dir='ltr'><strong>eo</strong></span> <span class='ocrx_word' id='word_1_34' title='bbox 991 744 1044 806; x_wconf 92' lang='lat' dir='ltr'><strong>die</strong></span> <span class='ocrx_word' id='word_1_35' title='bbox 1060 744 1201 807; x_wconf 89' lang='lat' dir='ltr'><strong>instrux-</strong></span> 
     </span>
     <span class='ocr_line' id='line_1_6' title="bbox 106 843 1201 924; baseline 0.001 -20"><span class='ocrx_word' id='word_1_36' title='bbox 106 858 122 904; x_wconf 84' lang='lat' dir='ltr'><strong>c</strong></span> <span class='ocrx_word' id='word_1_37' title='bbox 143 843 219 905; x_wconf 90' lang='lat' dir='ltr'><strong>isse:</strong></span> <span class='ocrx_word' id='word_1_38' title='bbox 254 843 446 922; x_wconf 90' lang='lat' dir='ltr'><strong>elephantos</strong></span> <span class='ocrx_word' id='word_1_39' title='bbox 470 844 503 904; x_wconf 90' lang='lat' dir='ltr'><strong>in</strong></span> <span class='ocrx_word' id='word_1_40' title='bbox 526 844 632 922; x_wconf 92' lang='lat' dir='ltr'><strong>prima</strong></span> <span class='ocrx_word' id='word_1_41' title='bbox 655 843 773 920; x_wconf 86' lang='lat' dir='ltr'><strong>fronte,</strong></span> <span class='ocrx_word' id='word_1_42' title='bbox 798 863 939 924; x_wconf 90' lang='lat' dir='ltr'><strong>quorum</strong></span> <span class='ocrx_word' id='word_1_43' title='bbox 961 843 1121 906; x_wconf 87' lang='lat' dir='ltr'><strong>fortuitus</strong></span> <span class='ocrx_word' id='word_1_44' title='bbox 1145 845 1201 905; x_wconf 92' lang='lat' dir='ltr'><strong>im-</strong></span> 
     </span>
     <span class='ocr_line' id='line_1_7' title="bbox 142 932 1200 1026; baseline 0.001 -21"><span class='ocrx_word' id='word_1_45' title='bbox 142 948 238 1022; x_wconf 88' lang='lat' dir='ltr'><strong>petus</strong></span> <span class='ocrx_word' id='word_1_46' title='bbox 252 949 354 1022; x_wconf 89' lang='lat' dir='ltr'><strong>atque</strong></span> <span class='ocrx_word' id='word_1_47' title='bbox 368 942 581 1006; x_wconf 90' lang='lat' dir='ltr'><strong>intolerabilis</strong></span> <span class='ocrx_word' id='word_1_48' title='bbox 595 944 645 1005; x_wconf 91' lang='lat' dir='ltr'><strong>vis</strong></span> <span class='ocrx_word' id='word_1_49' title='bbox 659 944 751 1021; x_wconf 91' lang='lat' dir='ltr'><strong>signa</strong></span> <span class='ocrx_word' id='word_1_50' title='bbox 765 944 857 1026; x_wconf 89' lang='lat' dir='ltr'><strong>sequi</strong></span> <span class='ocrx_word' id='word_1_51' title='bbox 871 949 904 1006; x_wconf 90' lang='lat' dir='ltr'><strong>et</strong></span> <span class='ocrx_word' id='word_1_52' title='bbox 918 962 1049 1006; x_wconf 88' lang='lat' dir='ltr'><strong>servare</strong></span> <span class='ocrx_word' id='word_1_53' title='bbox 1059 932 1200 1020; x_wconf 85' lang='lat' dir='ltr'><strong>ordines,</strong></span> 
     </span>
     <span class='ocr_line' id='line_1_8' title="bbox 142 1042 1201 1128; baseline 0.004 -26"><span class='ocrx_word' id='word_1_54' title='bbox 142 1043 176 1102; x_wconf 90' lang='lat' dir='ltr'><strong>in</strong></span> <span class='ocrx_word' id='word_1_55' title='bbox 201 1061 267 1121; x_wconf 93' lang='lat' dir='ltr'><strong>quo</strong></span> <span class='ocrx_word' id='word_1_56' title='bbox 291 1042 469 1121; x_wconf 91' lang='lat' dir='ltr'><strong>plurimum</strong></span> <span class='ocrx_word' id='word_1_57' title='bbox 494 1043 562 1121; x_wconf 90' lang='lat' dir='ltr'><strong>spei</strong></span> <span class='ocrx_word' id='word_1_58' title='bbox 587 1049 757 1121; x_wconf 83' lang='lat' dir='ltr'><strong>ponerent,</strong></span> <span class='ocrx_word' id='word_1_59' title='bbox 783 1043 952 1105; x_wconf 88' lang='lat' dir='ltr'><strong>Romanos</strong></span> <span class='ocrx_word' id='word_1_60' title='bbox 976 1042 1201 1128; x_wconf 85' lang='lat' dir='ltr'><strong>prohiberent;</strong></span> 
     </span>
     <span class='ocr_line' id='line_1_9' title="bbox 107 1141 1203 1222; baseline 0.004 -22"><span class='ocrx_word' id='word_1_61' title='bbox 107 1154 121 1200; x_wconf 79' lang='lat' dir='ltr'><strong>r</strong></span> <span class='ocrx_word' id='word_1_62' title='bbox 143 1141 260 1204; x_wconf 91' lang='lat' dir='ltr'><strong>deinde</strong></span> <span class='ocrx_word' id='word_1_63' title='bbox 271 1143 444 1204; x_wconf 82' lang='lat' dir='ltr'><strong>auxiliares</strong></span> <span class='ocrx_word' id='word_1_64' title='bbox 456 1149 534 1205; x_wconf 88' lang='lat' dir='ltr'><strong>ante</strong></span> <span class='ocrx_word' id='word_1_65' title='bbox 546 1142 864 1222; x_wconf 85' lang='lat' dir='ltr'><strong>Carthaginiensium</strong></span> <span class='ocrx_word' id='word_1_66' title='bbox 876 1143 991 1218; x_wconf 82' lang='lat' dir='ltr'><strong>aciem,</strong></span> <span class='ocrx_word' id='word_1_67' title='bbox 1003 1161 1044 1204; x_wconf 93' lang='lat' dir='ltr'><strong>ne</strong></span> <span class='ocrx_word' id='word_1_68' title='bbox 1056 1141 1203 1204; x_wconf 89' lang='lat' dir='ltr'><strong>homines</strong></span> 
     </span>
     <span class='ocr_line' id='line_1_10' title="bbox 143 1227 1203 1321; baseline 0.002 -19"><span class='ocrx_word' id='word_1_69' title='bbox 143 1241 239 1303; x_wconf 89' lang='lat' dir='ltr'><strong>mixti</strong></span> <span class='ocrx_word' id='word_1_70' title='bbox 266 1260 307 1302; x_wconf 91' lang='lat' dir='ltr'><strong>ex</strong></span> <span class='ocrx_word' id='word_1_71' title='bbox 335 1242 516 1304; x_wconf 92' lang='lat' dir='ltr'><strong>colluvione</strong></span> <span class='ocrx_word' id='word_1_72' title='bbox 532 1227 691 1303; x_wconf 89' lang='lat' dir='ltr'><strong>omnium</strong></span> <span class='ocrx_word' id='word_1_73' title='bbox 724 1241 881 1320; x_wconf 90' lang='lat' dir='ltr'><strong>gentium,</strong></span> <span class='ocrx_word' id='word_1_74' title='bbox 911 1261 993 1321; x_wconf 91' lang='lat' dir='ltr'><strong>quos</strong></span> <span class='ocrx_word' id='word_1_75' title='bbox 1025 1261 1093 1303; x_wconf 92' lang='lat' dir='ltr'><strong>non</strong></span> <span class='ocrx_word' id='word_1_76' title='bbox 1125 1241 1203 1304; x_wconf 89' lang='lat' dir='ltr'><strong>fides</strong></span> 
     </span>
     <span class='ocr_line' id='line_1_11' title="bbox 144 1340 1201 1420; baseline 0 -17"><span class='ocrx_word' id='word_1_77' title='bbox 144 1347 279 1416; x_wconf 89' lang='lat' dir='ltr'><strong>teneret,</strong></span> <span class='ocrx_word' id='word_1_78' title='bbox 307 1340 364 1407; x_wconf 90' lang='lat' dir='ltr'><strong>sed</strong></span> <span class='ocrx_word' id='word_1_79' title='bbox 391 1360 523 1417; x_wconf 92' lang='lat' dir='ltr'><strong>merces,</strong></span> <span class='ocrx_word' id='word_1_80' title='bbox 550 1341 689 1404; x_wconf 90' lang='lat' dir='ltr'><strong>liberum</strong></span> <span class='ocrx_word' id='word_1_81' title='bbox 715 1347 884 1420; x_wconf 88' lang='lat' dir='ltr'><strong>receptum</strong></span> <span class='ocrx_word' id='word_1_82' title='bbox 908 1341 1007 1420; x_wconf 89' lang='lat' dir='ltr'><strong>fugae</strong></span> <span class='ocrx_word' id='word_1_83' title='bbox 1032 1340 1201 1415; x_wconf 87' lang='lat' dir='ltr'><strong>haberent,</strong></span> 
     </span>
     <span class='ocr_line' id='line_1_12' title="bbox 108 1440 1201 1520; baseline 0 -20"><span class='ocrx_word' id='word_1_84' title='bbox 108 1455 123 1500; x_wconf 84' lang='lat' dir='ltr'><strong>a</strong></span> <span class='ocrx_word' id='word_1_85' title='bbox 143 1440 238 1502; x_wconf 92' lang='lat' dir='ltr'><strong>simul</strong></span> <span class='ocrx_word' id='word_1_86' title='bbox 255 1440 399 1519; x_wconf 90' lang='lat' dir='ltr'><strong>primum</strong></span> <span class='ocrx_word' id='word_1_87' title='bbox 416 1440 565 1503; x_wconf 90' lang='lat' dir='ltr'><strong>ardorem</strong></span> <span class='ocrx_word' id='word_1_88' title='bbox 582 1448 683 1520; x_wconf 91' lang='lat' dir='ltr'><strong>atque</strong></span> <span class='ocrx_word' id='word_1_89' title='bbox 700 1441 862 1519; x_wconf 92' lang='lat' dir='ltr'><strong>impetum</strong></span> <span class='ocrx_word' id='word_1_90' title='bbox 878 1440 1024 1502; x_wconf 90' lang='lat' dir='ltr'><strong>hostium</strong></span> <span class='ocrx_word' id='word_1_91' title='bbox 1040 1440 1201 1520; x_wconf 88' lang='lat' dir='ltr'><strong>excipien-</strong></span> 
     </span>
     <span class='ocr_line' id='line_1_13' title="bbox 144 1539 1202 1618; baseline -0.002 -16"><span class='ocrx_word' id='word_1_92' title='bbox 144 1546 193 1602; x_wconf 85' lang='lat' dir='ltr'><strong>tes</strong></span> <span class='ocrx_word' id='word_1_93' title='bbox 217 1539 394 1618; x_wconf 84' lang='lat' dir='ltr'><strong>fatigarent</strong></span> <span class='ocrx_word' id='word_1_94' title='bbox 420 1559 468 1615; x_wconf 90' lang='lat' dir='ltr'><strong>ac,</strong></span> <span class='ocrx_word' id='word_1_95' title='bbox 494 1541 521 1602; x_wconf 92' lang='lat' dir='ltr'><strong>si</strong></span> <span class='ocrx_word' id='word_1_96' title='bbox 547 1539 625 1601; x_wconf 90' lang='lat' dir='ltr'><strong>nihil</strong></span> <span class='ocrx_word' id='word_1_97' title='bbox 651 1540 751 1616; x_wconf 96' lang='lat' dir='ltr'><strong>aliud,</strong></span> <span class='ocrx_word' id='word_1_98' title='bbox 777 1540 966 1602; x_wconf 91' lang='lat' dir='ltr'><strong>vulneribus</strong></span> <span class='ocrx_word' id='word_1_99' title='bbox 990 1540 1058 1602; x_wconf 90' lang='lat' dir='ltr'><strong>suis</strong></span> <span class='ocrx_word' id='word_1_100' title='bbox 1082 1540 1202 1602; x_wconf 88' lang='lat' dir='ltr'><strong>ferrum</strong></span> 
     </span>
     <span class='ocr_line' id='line_1_14' title="bbox 107 1639 1202 1718; baseline -0.005 -13"><span class='ocrx_word' id='word_1_101' title='bbox 107 1639 260 1705; x_wconf 83' lang='lat' dir='ltr'><strong>ahostile</strong></span> <span class='ocrx_word' id='word_1_102' title='bbox 287 1639 481 1702; x_wconf 89' lang='lat' dir='ltr'><strong>hebetarent</strong></span> <span class='ocrx_word' id='word_1_103' title='bbox 488 1659 497 1715; x_wconf 75' lang='lat'><em>3</em></span> <span class='ocrx_word' id='word_1_104' title='bbox 535 1645 618 1715; x_wconf 92' lang='lat' dir='ltr'><strong>tum,</strong></span> <span class='ocrx_word' id='word_1_105' title='bbox 645 1639 702 1702; x_wconf 93' lang='lat' dir='ltr'><strong>ubi</strong></span> <span class='ocrx_word' id='word_1_106' title='bbox 729 1640 834 1701; x_wconf 92' lang='lat' dir='ltr'><strong>omnis</strong></span> <span class='ocrx_word' id='word_1_107' title='bbox 860 1659 933 1718; x_wconf 92' lang='lat' dir='ltr'><strong>spes</strong></span> <span class='ocrx_word' id='word_1_108' title='bbox 959 1645 1056 1715; x_wconf 88' lang='lat' dir='ltr'><strong>esset,</strong></span> <span class='ocrx_word' id='word_1_109' title='bbox 1084 1639 1202 1701; x_wconf 86' lang='lat' dir='ltr'><strong>milites</strong></span> 
     </span>
     <span class='ocr_line' id='line_1_15' title="bbox 143 1737 1201 1818; baseline 0 -18"><span class='ocrx_word' id='word_1_110' title='bbox 143 1738 425 1817; x_wconf 85' lang='lat' dir='ltr'><strong>Carthaginienses</strong></span> <span class='ocrx_word' id='word_1_111' title='bbox 447 1738 619 1818; x_wconf 88' lang='lat' dir='ltr'><strong>Afrosque,</strong></span> <span class='ocrx_word' id='word_1_112' title='bbox 642 1745 690 1814; x_wconf 91' lang='lat' dir='ltr'><strong>ut,</strong></span> <span class='ocrx_word' id='word_1_113' title='bbox 713 1738 865 1800; x_wconf 91' lang='lat' dir='ltr'><strong>omnibus</strong></span> <span class='ocrx_word' id='word_1_114' title='bbox 887 1738 983 1800; x_wconf 93' lang='lat' dir='ltr'><strong>rebus</strong></span> <span class='ocrx_word' id='word_1_115' title='bbox 1004 1737 1077 1800; x_wconf 90' lang='lat' dir='ltr'><strong>aliis</strong></span> <span class='ocrx_word' id='word_1_116' title='bbox 1098 1757 1201 1817; x_wconf 89' lang='lat' dir='ltr'><strong>pares,</strong></span> 
     </span>
     <span class='ocr_line' id='line_1_16' title="bbox 143 1837 1203 1917; baseline -0.001 -17"><span class='ocrx_word' id='word_1_117' title='bbox 143 1857 192 1914; x_wconf 92' lang='lat' dir='ltr'><strong>e0,</strong></span> <span class='ocrx_word' id='word_1_118' title='bbox 207 1838 295 1917; x_wconf 93' lang='lat' dir='ltr'><strong>quod</strong></span> <span class='ocrx_word' id='word_1_119' title='bbox 309 1838 425 1916; x_wconf 88' lang='lat' dir='ltr'><strong>integri</strong></span> <span class='ocrx_word' id='word_1_120' title='bbox 440 1857 514 1899; x_wconf 91' lang='lat' dir='ltr'><strong>cum</strong></span> <span class='ocrx_word' id='word_1_121' title='bbox 526 1838 618 1901; x_wconf 91' lang='lat' dir='ltr'><strong>fessis</strong></span> <span class='ocrx_word' id='word_1_122' title='bbox 631 1858 669 1900; x_wconf 89' lang='lat' dir='ltr'><strong>ac</strong></span> <span class='ocrx_word' id='word_1_123' title='bbox 682 1838 800 1900; x_wconf 89' lang='lat' dir='ltr'><strong>sauciis</strong></span> <span class='ocrx_word' id='word_1_124' title='bbox 812 1842 1008 1917; x_wconf 89' lang='lat' dir='ltr'><strong>pugnarent,</strong></span> <span class='ocrx_word' id='word_1_125' title='bbox 1022 1837 1203 1916; x_wconf 85' lang='lat' dir='ltr'><strong>superiores</strong></span> 
     </span>
     <span class='ocr_line' id='line_1_17' title="bbox 143 1937 1201 2018; baseline 0 -18"><span class='ocrx_word' id='word_1_126' title='bbox 143 1945 267 2014; x_wconf 90' lang='lat' dir='ltr'><strong>essent,·</strong></span> <span class='ocrx_word' id='word_1_127' title='bbox 308 1938 441 1999; x_wconf 90' lang='lat' dir='ltr'><strong>ltalicos</strong></span> <span class='ocrx_word' id='word_1_128' title='bbox 470 1937 642 2000; x_wconf 86' lang='lat' dir='ltr'><strong>intervallo</strong></span> <span class='ocrx_word' id='word_1_129' title='bbox 671 1957 802 2018; x_wconf 90' lang='lat' dir='ltr'><strong>quoque</strong></span> <span class='ocrx_word' id='word_1_130' title='bbox 830 1937 1020 2015; x_wconf 88' lang='lat' dir='ltr'><strong>diremptos,</strong></span> <span class='ocrx_word' id='word_1_131' title='bbox 1052 1937 1201 2012; x_wconf 86' lang='lat' dir='ltr'><strong>incertos,</strong></span> 
     </span>
     <span class='ocr_line' id='line_1_18' title="bbox 144 2036 1202 2120; baseline 0 -21"><span class='ocrx_word' id='word_1_132' title='bbox 144 2038 221 2099; x_wconf 89' lang='lat' dir='ltr'><strong>socii</strong></span> <span class='ocrx_word' id='word_1_133' title='bbox 247 2058 290 2098; x_wconf 91' lang='lat' dir='ltr'><strong>an</strong></span> <span class='ocrx_word' id='word_1_134' title='bbox 315 2037 425 2099; x_wconf 89' lang='lat' dir='ltr'><strong>hostes</strong></span> <span class='ocrx_word' id='word_1_135' title='bbox 450 2043 568 2112; x_wconf 91' lang='lat' dir='ltr'><strong>essent,</strong></span> <span class='ocrx_word' id='word_1_136' title='bbox 595 2037 628 2098; x_wconf 93' lang='lat' dir='ltr'><strong>in</strong></span> <span class='ocrx_word' id='word_1_137' title='bbox 653 2043 855 2120; x_wconf 88' lang='lat' dir='ltr'><strong>postremam</strong></span> <span class='ocrx_word' id='word_1_138' title='bbox 879 2036 983 2098; x_wconf 86' lang='lat' dir='ltr'><strong>aciem</strong></span> <span class='ocrx_word' id='word_1_139' title='bbox 1008 2042 1202 2099; x_wconf 88' lang='lat' dir='ltr'><strong>summotos.</strong></span> 
     </span>
     <span class='ocr_line' id='line_1_19' title="bbox 95 2135 1204 2214; baseline -0.002 -16"><span class='ocrx_word' id='word_1_140' title='bbox 95 2153 124 2198; x_wconf 88' lang='lat' dir='ltr'><strong>ro</strong></span> <span class='ocrx_word' id='word_1_141' title='bbox 145 2138 217 2198; x_wconf 92' lang='lat' dir='ltr'><strong>Hoc</strong></span> <span class='ocrx_word' id='word_1_142' title='bbox 247 2136 336 2198; x_wconf 89' lang='lat' dir='ltr'><strong>edito</strong></span> <span class='ocrx_word' id='word_1_143' title='bbox 367 2136 459 2198; x_wconf 88' lang='lat' dir='ltr'><strong>velut</strong></span> <span class='ocrx_word' id='word_1_144' title='bbox 489 2136 606 2198; x_wconf 90' lang='lat' dir='ltr'><strong>ultimo</strong></span> <span class='ocrx_word' id='word_1_145' title='bbox 637 2137 770 2198; x_wconf 88' lang='lat' dir='ltr'><strong>virtutis</strong></span> <span class='ocrx_word' id='word_1_146' title='bbox 802 2155 897 2214; x_wconf 92' lang='lat' dir='ltr'><strong>opere</strong></span> <span class='ocrx_word' id='word_1_147' title='bbox 928 2135 1097 2198; x_wconf 90' lang='lat' dir='ltr'><strong>Hannibal</strong></span> <span class='ocrx_word' id='word_1_148' title='bbox 1130 2155 1204 2198; x_wconf 90' lang='lat' dir='ltr'><strong>cum</strong></span> 
     </span>
     <span class='ocr_line' id='line_1_20' title="bbox 146 2234 1203 2315; baseline -0.001 -18"><span class='ocrx_word' id='word_1_149' title='bbox 146 2237 388 2299; x_wconf 90' lang='lat' dir='ltr'><strong>Hadrumetum</strong></span> <span class='ocrx_word' id='word_1_150' title='bbox 424 2236 604 2314; x_wconf 88' lang='lat' dir='ltr'><strong>refugisset,</strong></span> <span class='ocrx_word' id='word_1_151' title='bbox 639 2236 829 2315; x_wconf 82' lang='lat' dir='ltr'><strong>accitusque</strong></span> <span class='ocrx_word' id='word_1_152' title='bbox 862 2235 938 2297; x_wconf 91' lang='lat' dir='ltr'><strong>inde</strong></span> <span class='ocrx_word' id='word_1_153' title='bbox 971 2234 1203 2314; x_wconf 83' lang='lat' dir='ltr'><strong>Carthaginem</strong></span> 
     </span>
     <span class='ocr_line' id='line_1_21' title="bbox 145 2335 1220 2415; baseline -0.002 -17"><span class='ocrx_word' id='word_1_154' title='bbox 145 2343 238 2399; x_wconf 89' lang='lat' dir='ltr'><strong>sexto</strong></span> <span class='ocrx_word' id='word_1_155' title='bbox 259 2357 296 2397; x_wconf 90' lang='lat' dir='ltr'><strong>ac</strong></span> <span class='ocrx_word' id='word_1_156' title='bbox 319 2336 481 2398; x_wconf 91' lang='lat' dir='ltr'><strong>tricesimo</strong></span> <span class='ocrx_word' id='word_1_157' title='bbox 502 2341 577 2414; x_wconf 92' lang='lat' dir='ltr'><strong>post</strong></span> <span class='ocrx_word' id='word_1_158' title='bbox 599 2355 695 2411; x_wconf 90' lang='lat' dir='ltr'><strong>anno,</strong></span> <span class='ocrx_word' id='word_1_159' title='bbox 718 2355 819 2415; x_wconf 90' lang='lat' dir='ltr'><strong>quam</strong></span> <span class='ocrx_word' id='word_1_160' title='bbox 839 2354 921 2414; x_wconf 89' lang='lat' dir='ltr'><strong>puer</strong></span> <span class='ocrx_word' id='word_1_161' title='bbox 940 2335 1016 2397; x_wconf 91' lang='lat' dir='ltr'><strong>inde</strong></span> <span class='ocrx_word' id='word_1_162' title='bbox 1036 2335 1220 2414; x_wconf 87' lang='lat' dir='ltr'><strong>profectus</strong></span> 
     </span>
     <span class='ocr_line' id='line_1_22' title="bbox 95 2433 1205 2516; baseline -0.004 -18"><span class='ocrx_word' id='word_1_163' title='bbox 95 2453 123 2498; x_wconf 92' lang='lat'><strong>11</strong></span> <span class='ocrx_word' id='word_1_164' title='bbox 145 2443 225 2512; x_wconf 90' lang='lat' dir='ltr'><strong>erat,</strong></span> <span class='ocrx_word' id='word_1_165' title='bbox 245 2435 390 2510; x_wconf 88' lang='lat' dir='ltr'><strong>redisset,</strong></span> <span class='ocrx_word' id='word_1_166' title='bbox 409 2435 515 2497; x_wconf 84' lang='lat' dir='ltr'><strong>fassus</strong></span> <span class='ocrx_word' id='word_1_167' title='bbox 533 2435 566 2495; x_wconf 89' lang='lat' dir='ltr'><strong>in</strong></span> <span class='ocrx_word' id='word_1_168' title='bbox 584 2435 673 2496; x_wconf 90' lang='lat' dir='ltr'><strong>curia</strong></span> <span class='ocrx_word' id='word_1_169' title='bbox 690 2441 740 2496; x_wconf 89' lang='lat' dir='ltr'><strong>est</strong></span> <span class='ocrx_word' id='word_1_170' title='bbox 758 2455 823 2496; x_wconf 92' lang='lat' dir='ltr'><strong>non</strong></span> <span class='ocrx_word' id='word_1_171' title='bbox 841 2434 963 2516; x_wconf 82' lang='lat' dir='ltr'><strong>proelio</strong></span> <span class='ocrx_word' id='word_1_172' title='bbox 980 2434 1080 2496; x_wconf 94' lang='lat' dir='ltr'><strong>modo</strong></span> <span class='ocrx_word' id='word_1_173' title='bbox 1097 2453 1132 2496; x_wconf 89' lang='lat' dir='ltr'><strong>se</strong></span> <span class='ocrx_word' id='word_1_174' title='bbox 1149 2433 1205 2496; x_wconf 93' lang='lat' dir='ltr'><strong>sed</strong></span> 
     </span>
     <span class='ocr_line' id='line_1_23' title="bbox 146 2534 1204 2614; baseline -0.005 -15"><span class='ocrx_word' id='word_1_175' title='bbox 146 2536 230 2599; x_wconf 92' lang='lat' dir='ltr'><strong>bello</strong></span> <span class='ocrx_word' id='word_1_176' title='bbox 256 2537 391 2610; x_wconf 89' lang='lat' dir='ltr'><strong>victum,</strong></span> <span class='ocrx_word' id='word_1_177' title='bbox 417 2555 476 2597; x_wconf 91' lang='lat' dir='ltr'><strong>nec</strong></span> <span class='ocrx_word' id='word_1_178' title='bbox 500 2554 591 2613; x_wconf 92' lang='lat' dir='ltr'><strong>spem</strong></span> <span class='ocrx_word' id='word_1_179' title='bbox 615 2535 731 2597; x_wconf 91' lang='lat' dir='ltr'><strong>salutis</strong></span> <span class='ocrx_word' id='word_1_180' title='bbox 755 2534 833 2596; x_wconf 90' lang='lat' dir='ltr'><strong>alibi</strong></span> <span class='ocrx_word' id='word_1_181' title='bbox 858 2553 963 2614; x_wconf 90' lang='lat' dir='ltr'><strong>quam·</strong></span> <span class='ocrx_word' id='word_1_182' title='bbox 982 2534 1016 2595; x_wconf 94' lang='lat' dir='ltr'><strong>in</strong></span> <span class='ocrx_word' id='word_1_183' title='bbox 1040 2553 1122 2612; x_wconf 88' lang='lat' dir='ltr'><strong>pace</strong></span> <span class='ocrx_word' id='word_1_184' title='bbox 1146 2534 1204 2595; x_wconf 92' lang='lat' dir='ltr'><strong>im-</strong></span> 
     </span>
     <span class='ocr_line' id='line_1_24' title="bbox 147 2635 399 2715; baseline -0.008 -17"><span class='ocrx_word' id='word_1_185' title='bbox 147 2635 307 2715; x_wconf 91' lang='lat' dir='ltr'><strong>petranda</strong></span> <span class='ocrx_word' id='word_1_186' title='bbox 321 2655 399 2696; x_wconf 92' lang='lat' dir='ltr'><strong>esse.</strong></span> 
     </span>
     <span class='ocr_line' id='line_1_25' title="bbox 95 2732 1204 2814; baseline -0.003 -16"><span class='ocrx_word' id='word_1_187' title='bbox 95 2750 138 2798; x_wconf 85' lang='lat'><strong>36</strong></span> <span class='ocrx_word' id='word_1_188' title='bbox 189 2736 296 2814; x_wconf 84' lang='lat' dir='ltr'><strong>Scipio</strong></span> <span class='ocrx_word' id='word_1_189' title='bbox 327 2735 498 2796; x_wconf 89' lang='lat' dir='ltr'><strong>confestim</strong></span> <span class='ocrx_word' id='word_1_190' title='bbox 529 2755 548 2796; x_wconf 98' lang='lat' dir='ltr'><strong>a</strong></span> <span class='ocrx_word' id='word_1_191' title='bbox 579 2734 702 2813; x_wconf 90' lang='lat' dir='ltr'><strong>proelio</strong></span> <span class='ocrx_word' id='word_1_192' title='bbox 731 2734 929 2813; x_wconf 91' lang='lat' dir='ltr'><strong>expugnatis</strong></span> <span class='ocrx_word' id='word_1_193' title='bbox 960 2732 1106 2795; x_wconf 90' lang='lat' dir='ltr'><strong>hostium</strong></span> <span class='ocrx_word' id='word_1_194' title='bbox 1139 2752 1204 2795; x_wconf 88' lang='lat' dir='ltr'><strong>eas·</strong></span> 
     </span>
     <span class='ocr_line' id='line_1_26' title="bbox 148 2833 1205 2914; baseline -0.005 -16"><span class='ocrx_word' id='word_1_195' title='bbox 148 2836 206 2898; x_wconf 93' lang='lat' dir='ltr'><strong>tris</strong></span> <span class='ocrx_word' id='word_1_196' title='bbox 234 2834 434 2914; x_wconf 90' lang='lat' dir='ltr'><strong>direptisque</strong></span> <span class='ocrx_word' id='word_1_197' title='bbox 463 2853 536 2895; x_wconf 93' lang='lat' dir='ltr'><strong>cum</strong></span> <span class='ocrx_word' id='word_1_198' title='bbox 564 2834 688 2912; x_wconf 90' lang='lat' dir='ltr'><strong>ingenti</strong></span> <span class='ocrx_word' id='word_1_199' title='bbox 715 2833 838 2912; x_wconf 90' lang='lat' dir='ltr'><strong>praeda</strong></span> <span class='ocrx_word' id='word_1_200' title='bbox 862 2833 904 2895; x_wconf 98' lang='lat' dir='ltr'><strong>ad</strong></span> <span class='ocrx_word' id='word_1_201' title='bbox 930 2852 1019 2895; x_wconf 90' lang='lat' dir='ltr'><strong>mare</strong></span> <span class='ocrx_word' id='word_1_202' title='bbox 1042 2852 1081 2894; x_wconf 89' lang='lat' dir='ltr'><strong>ac</strong></span> <span class='ocrx_word' id='word_1_203' title='bbox 1105 2850 1205 2894; x_wconf 91' lang='lat' dir='ltr'><strong>naves</strong></span> 
     </span>
     <span class='ocr_line' id='line_1_27' title="bbox 110 2931 1205 3013; baseline -0.003 -18"><span class='ocrx_word' id='word_1_204' title='bbox 110 2935 242 2998; x_wconf 86' lang='lat' dir='ltr'><strong>arediit</strong></span> <span class='ocrx_word' id='word_1_205' title='bbox 278 2934 394 2995; x_wconf 92' lang='lat' dir='ltr'><strong>nuntio</strong></span> <span class='ocrx_word' id='word_1_206' title='bbox 431 2932 542 2996; x_wconf 88' lang='lat' dir='ltr'><strong>adlato</strong></span> <span class='ocrx_word' id='word_1_207' title='bbox 578 2933 614 2995; x_wconf 94' lang='lat' dir='ltr'><strong>P.</strong></span> <span class='ocrx_word' id='word_1_208' title='bbox 642 2934 819 2996; x_wconf 90' lang='lat' dir='ltr'><strong>Lentulum</strong></span> <span class='ocrx_word' id='word_1_209' title='bbox 855 2952 929 2995; x_wconf 91' lang='lat' dir='ltr'><strong>cum</strong></span> <span class='ocrx_word' id='word_1_210' title='bbox 965 2931 1205 3013; x_wconf 86' lang='lat' dir='ltr'><strong>quinquaginta</strong></span> 
     </span>
     <span class='ocr_line' id='line_1_28' title="bbox 146 3032 1204 3111; baseline -0.005 -14"><span class='ocrx_word' id='word_1_211' title='bbox 146 3035 305 3109; x_wconf 89' lang='lat' dir='ltr'><strong>rostratis,</strong></span> <span class='ocrx_word' id='word_1_212' title='bbox 328 3041 460 3095; x_wconf 92' lang='lat' dir='ltr'><strong>centum</strong></span> <span class='ocrx_word' id='word_1_213' title='bbox 479 3032 644 3107; x_wconf 89' lang='lat' dir='ltr'><strong>onerariis,</strong></span> <span class='ocrx_word' id='word_1_214' title='bbox 665 3033 848 3094; x_wconf 91' lang='lat' dir='ltr'><strong>cumomni</strong></span> <span class='ocrx_word' id='word_1_215' title='bbox 867 3051 982 3111; x_wconf 89' lang='lat' dir='ltr'><strong>genere</strong></span> <span class='ocrx_word' id='word_1_216' title='bbox 1002 3037 1204 3093; x_wconf 90' lang='lat' dir='ltr'><strong>commeatus</strong></span> 
     </span>
     <span class='ocr_line' id='line_1_29' title="bbox 110 3131 1204 3210; baseline -0.001 -18"><span class='ocrx_word' id='word_1_217' title='bbox 110 3148 125 3192; x_wconf 88' lang='lat'><strong>3</strong></span> <span class='ocrx_word' id='word_1_218' title='bbox 146 3135 188 3197; x_wconf 92' lang='lat' dir='ltr'><strong>ad</strong></span> <span class='ocrx_word' id='word_1_219' title='bbox 209 3134 340 3196; x_wconf 88' lang='lat' dir='ltr'><strong>Uticam</strong></span> <span class='ocrx_word' id='word_1_220' title='bbox 360 3132 541 3195; x_wconf 90' lang='lat' dir='ltr'><strong>accessisse.</strong></span> <span class='ocrx_word' id='word_1_221' title='bbox 586 3132 841 3195; x_wconf 85' lang='lat' dir='ltr'><strong>Admovendum</strong></span> <span class='ocrx_word' id='word_1_222' title='bbox 860 3132 958 3210; x_wconf 90' lang='lat' dir='ltr'><strong>igitur</strong></span> <span class='ocrx_word' id='word_1_223' title='bbox 977 3131 1124 3210; x_wconf 92' lang='lat' dir='ltr'><strong>undique</strong></span> <span class='ocrx_word' id='word_1_224' title='bbox 1142 3136 1204 3193; x_wconf 87' lang='lat' dir='ltr'><strong>ter·</strong></span> 
     </span>
     <span class='ocr_line' id='line_1_30' title="bbox 146 3230 1204 3312; baseline -0.006 -16"><span class='ocrx_word' id='word_1_225' title='bbox 146 3254 252 3297; x_wconf 93' lang='lat' dir='ltr'><strong>rorem</strong></span> <span class='ocrx_word' id='word_1_226' title='bbox 275 3233 442 3312; x_wconf 92' lang='lat' dir='ltr'><strong>perculsae</strong></span> <span class='ocrx_word' id='word_1_227' title='bbox 465 3231 655 3310; x_wconf 88' lang='lat' dir='ltr'><strong>Carthagini</strong></span> <span class='ocrx_word' id='word_1_228' title='bbox 679 3238 780 3307; x_wconf 89' lang='lat' dir='ltr'><strong>ratus,</strong></span> <span class='ocrx_word' id='word_1_229' title='bbox 806 3232 904 3293; x_wconf 91' lang='lat' dir='ltr'><strong>misso</strong></span> <span class='ocrx_word' id='word_1_230' title='bbox 929 3230 1039 3293; x_wconf 90' lang='lat' dir='ltr'><strong>Laelio</strong></span> <span class='ocrx_word' id='word_1_231' title='bbox 1063 3230 1204 3292; x_wconf 87' lang='lat' dir='ltr'><strong>Romam</strong></span> 
     </span>
     <span class='ocr_line' id='line_1_31' title="bbox 147 3330 1205 3397; baseline -0.005 0"><span class='ocrx_word' id='word_1_232' title='bbox 147 3355 222 3397; x_wconf 90' lang='lat' dir='ltr'><strong>cum</strong></span> <span class='ocrx_word' id='word_1_233' title='bbox 235 3333 392 3395; x_wconf 91' lang='lat' dir='ltr'><strong>victoriae</strong></span> <span class='ocrx_word' id='word_1_234' title='bbox 406 3332 523 3393; x_wconf 91' lang='lat' dir='ltr'><strong>nuntio</strong></span> <span class='ocrx_word' id='word_1_235' title='bbox 536 3332 594 3393; x_wconf 92' lang='lat' dir='ltr'><strong>Cn.</strong></span> <span class='ocrx_word' id='word_1_236' title='bbox 611 3332 788 3394; x_wconf 89' lang='lat' dir='ltr'><strong>Octavium</strong></span> <span class='ocrx_word' id='word_1_237' title='bbox 801 3331 946 3394; x_wconf 89' lang='lat' dir='ltr'><strong>terrestri</strong></span> <span class='ocrx_word' id='word_1_238' title='bbox 960 3331 1076 3392; x_wconf 88' lang='lat' dir='ltr'><strong>itinere</strong></span> <span class='ocrx_word' id='word_1_239' title='bbox 1090 3330 1205 3392; x_wconf 91' lang='lat' dir='ltr'><strong>ducere</strong></span> 
     </span>
     <span class='ocr_line' id='line_1_32' title="bbox 146 3431 1205 3515; baseline -0.007 -18"><span class='ocrx_word' id='word_1_240' title='bbox 146 3434 287 3515; x_wconf 89' lang='lat' dir='ltr'><strong>legiones</strong></span> <span class='ocrx_word' id='word_1_241' title='bbox 305 3432 536 3511; x_wconf 88' lang='lat' dir='ltr'><strong>Carthaginem</strong></span> <span class='ocrx_word' id='word_1_242' title='bbox 555 3432 662 3507; x_wconf 75' lang='lat' dir='ltr'><strong>iubet,</strong></span> <span class='ocrx_word' id='word_1_243' title='bbox 694 3431 761 3510; x_wconf 92' lang='lat' dir='ltr'><strong>ipse</strong></span> <span class='ocrx_word' id='word_1_244' title='bbox 780 3432 823 3494; x_wconf 92' lang='lat' dir='ltr'><strong>ad</strong></span> <span class='ocrx_word' id='word_1_245' title='bbox 841 3451 935 3493; x_wconf 91' lang='lat' dir='ltr'><strong>suam</strong></span> <span class='ocrx_word' id='word_1_246' title='bbox 953 3436 1101 3492; x_wconf 90' lang='lat' dir='ltr'><strong>veterem</strong></span> <span class='ocrx_word' id='word_1_247' title='bbox 1119 3448 1205 3491; x_wconf 91' lang='lat' dir='ltr'><strong>nova</strong></span> 
     </span>
     <span class='ocr_line' id='line_1_33' title="bbox 141 3529 1204 3610; baseline -0.008 -13"><span class='ocrx_word' id='word_1_248' title='bbox 141 3533 277 3598; x_wconf 83' lang='lat' dir='ltr'><strong>Lentuli</strong></span> <span class='ocrx_word' id='word_1_249' title='bbox 310 3534 410 3596; x_wconf 89' lang='lat' dir='ltr'><strong>classe</strong></span> <span class='ocrx_word' id='word_1_250' title='bbox 442 3531 602 3594; x_wconf 89' lang='lat' dir='ltr'><strong>adiuncta</strong></span> <span class='ocrx_word' id='word_1_251' title='bbox 643 3531 810 3610; x_wconf 89' lang='lat' dir='ltr'><strong>profectus</strong></span> <span class='ocrx_word' id='word_1_252' title='bbox 843 3531 885 3593; x_wconf 89' lang='lat' dir='ltr'><strong>ab</strong></span> <span class='ocrx_word' id='word_1_253' title='bbox 931 3529 1030 3592; x_wconf 89' lang='lat' dir='ltr'><strong>Utica</strong></span> <span class='ocrx_word' id='word_1_254' title='bbox 1071 3535 1204 3608; x_wconf 88' lang='lat' dir='ltr'><strong>portum</strong></span> 
     </span>
    </p>
   </div>
   <div class='ocr_carea' id='block_1_3' title="bbox 0 0 1256 3908">
    <p class='ocr_par' dir='ltr' id='par_1_3' title="bbox 0 0 1256 3908">
     <span class='ocr_line' id='line_1_34' title="bbox 0 0 1256 3908; baseline 0 0"><span class='ocrx_word' id='word_1_255' title='bbox 0 0 1256 3908; x_wconf 95' lang='lat' dir='ltr'><strong> </strong></span> 
     </span>
    </p>
   </div>
  </div>
 </body>
</html>
