<?xml version="1.0" encoding="UTF-8"?>
<!DOCTYPE html PUBLIC "-//W3C//DTD XHTML 1.0 Transitional//EN"
    "http://www.w3.org/TR/xhtml1/DTD/xhtml1-transitional.dtd">
<html xmlns="http://www.w3.org/1999/xhtml" xml:lang="en" lang="en">
 <head>
  <title>
</title>
<meta http-equiv="Content-Type" content="text/html;charset=utf-8" />
  <meta name='ocr-system' content='tesseract 3.04.00' />
  <meta name='ocr-capabilities' content='ocr_page ocr_carea ocr_par ocr_line ocrx_word'/>
</head>
<body>
  <div class='ocr_page' id='page_1' title='image "./livysecondpunic00livygoog_0068.png"; bbox 0 0 2496 3908; ppageno 0'>
   <div class='ocr_carea' id='block_1_1' title="bbox 90 218 681 302">
    <p class='ocr_par' dir='ltr' id='par_1_1' title="bbox 90 218 681 302">
     <span class='ocr_line' id='line_1_1' title="bbox 90 218 681 302; baseline -0.007 -14"><span class='ocrx_word' id='word_1_1' title='bbox 90 218 193 288; x_wconf 60' lang='lat' dir='ltr'>dulps.</span> <span class='ocrx_word' id='word_1_2' title='bbox 209 238 251 298; x_wconf 83' lang='lat'>41,</span> <span class='ocrx_word' id='word_1_3' title='bbox 265 238 307 298; x_wconf 80' lang='lat'>42,</span> <span class='ocrx_word' id='word_1_4' title='bbox 321 237 378 302; x_wconf 75' lang='lat' dir='ltr'>la]</span> <span class='ocrx_word' id='word_1_5' title='bbox 592 236 681 284; x_wconf 76' lang='lat' dir='ltr'>mvi</span> 
     </span>
    </p>
   </div>
   <div class='ocr_carea' id='block_1_2' title="bbox 68 412 1205 3585">
    <p class='ocr_par' dir='ltr' id='par_1_2' title="bbox 68 412 1205 3585">
     <span class='ocr_line' id='line_1_2' title="bbox 92 412 1153 492; baseline -0.002 -16"><span class='ocrx_word' id='word_1_6' title='bbox 92 414 299 476; x_wconf 87' lang='lat' dir='ltr'>vincentium</span> <span class='ocrx_word' id='word_1_7' title='bbox 331 413 433 491; x_wconf 90' lang='lat' dir='ltr'>magis</span> <span class='ocrx_word' id='word_1_8' title='bbox 455 412 660 492; x_wconf 82' lang='lat' dir='ltr'>quambene</span> <span class='ocrx_word' id='word_1_9' title='bbox 691 413 900 475; x_wconf 88' lang='lat' dir='ltr'>morientium</span> <span class='ocrx_word' id='word_1_10' title='bbox 921 413 1055 474; x_wconf 89' lang='lat' dir='ltr'>fortuna</span> <span class='ocrx_word' id='word_1_11' title='bbox 1084 412 1153 474; x_wconf 87' lang='lat' dir='ltr'>lau-</span> 
     </span>
     <span class='ocr_line' id='line_1_3' title="bbox 91 512 1202 591; baseline 0.001 -14"><span class='ocrx_word' id='word_1_12' title='bbox 91 515 239 577; x_wconf 79' lang='lat' dir='ltr'><strong>daretur.</strong></span> <span class='ocrx_word' id='word_1_13' title='bbox 284 513 366 575; x_wconf 87' lang='lat' dir='ltr'>Cum</span> <span class='ocrx_word' id='word_1_14' title='bbox 406 513 451 574; x_wconf 90' lang='lat' dir='ltr'>sic</span> <span class='ocrx_word' id='word_1_15' title='bbox 491 513 618 591; x_wconf 79' lang='lat' dir='ltr'>aliquot</span> <span class='ocrx_word' id='word_1_16' title='bbox 648 513 804 591; x_wconf 90' lang='lat' dir='ltr'>spectatis</span> <span class='ocrx_word' id='word_1_17' title='bbox 831 513 963 591; x_wconf 90' lang='lat' dir='ltr'>paribus</span> <span class='ocrx_word' id='word_1_18' title='bbox 1004 512 1202 578; x_wconf 84' lang='lat' dir='ltr'>adfectos43</span> 
     </span>
     <span class='ocr_line' id='line_1_4' title="bbox 91 611 1151 693; baseline -0.001 -18"><span class='ocrx_word' id='word_1_19' title='bbox 91 614 281 687; x_wconf 78' lang='lat' dir='ltr'>dimisisset,</span> <span class='ocrx_word' id='word_1_20' title='bbox 306 613 457 675; x_wconf 88' lang='lat' dir='ltr'>contione</span> <span class='ocrx_word' id='word_1_21' title='bbox 479 612 555 674; x_wconf 90' lang='lat' dir='ltr'>inde</span> <span class='ocrx_word' id='word_1_22' title='bbox 578 612 741 693; x_wconf 85' lang='lat' dir='ltr'>advocata</span> <span class='ocrx_word' id='word_1_23' title='bbox 764 612 811 674; x_wconf 90' lang='lat' dir='ltr'>ita</span> <span class='ocrx_word' id='word_1_24' title='bbox 834 612 923 690; x_wconf 89' lang='lat' dir='ltr'>apud</span> <span class='ocrx_word' id='word_1_25' title='bbox 945 632 1000 675; x_wconf 92' lang='lat' dir='ltr'>eos</span> <span class='ocrx_word' id='word_1_26' title='bbox 1023 611 1151 674; x_wconf 90' lang='lat' dir='ltr'>locutus</span> 
     </span>
     <span class='ocr_line' id='line_1_5' title="bbox 91 712 1187 792; baseline 0.003 -16"><span class='ocrx_word' id='word_1_27' title='bbox 91 715 215 777; x_wconf 85' lang='lat' dir='ltr'>fertur:</span> <span class='ocrx_word' id='word_1_28' title='bbox 241 713 301 788; x_wconf 86' lang='lat' dir='ltr'>‘Si,</span> <span class='ocrx_word' id='word_1_29' title='bbox 318 733 416 791; x_wconf 89' lang='lat' dir='ltr'>quem</span> <span class='ocrx_word' id='word_1_30' title='bbox 431 713 579 774; x_wconf 90' lang='lat' dir='ltr'>animum</span> <span class='ocrx_word' id='word_1_31' title='bbox 592 713 625 773; x_wconf 93' lang='lat' dir='ltr'>in</span> <span class='ocrx_word' id='word_1_32' title='bbox 641 713 765 776; x_wconf 86' lang='lat' dir='ltr'>alienae</span> <span class='ocrx_word' id='word_1_33' title='bbox 778 713 875 775; x_wconf 89' lang='lat' dir='ltr'>sortis</span> <span class='ocrx_word' id='word_1_34' title='bbox 889 712 1039 791; x_wconf 89' lang='lat' dir='ltr'>exemplo</span> <span class='ocrx_word' id='word_1_35' title='bbox 1054 713 1151 792; x_wconf 90' lang='lat' dir='ltr'>paulo</span> <span class='ocrx_word' id='word_1_36' title='bbox 1172 735 1187 779; x_wconf 85' lang='lat'><strong>2</strong></span> 
     </span>
     <span class='ocr_line' id='line_1_6' title="bbox 92 813 1152 888; baseline -0.002 -11"><span class='ocrx_word' id='word_1_37' title='bbox 92 822 172 878; x_wconf 90' lang='lat' dir='ltr'>ante</span> <span class='ocrx_word' id='word_1_38' title='bbox 187 813 360 888; x_wconf 88' lang='lat' dir='ltr'>habuistis,</span> <span class='ocrx_word' id='word_1_39' title='bbox 376 813 518 877; x_wconf 89' lang='lat' dir='ltr'>eundem</span> <span class='ocrx_word' id='word_1_40' title='bbox 534 834 610 875; x_wconf 84' lang='lat' dir='ltr'>mox</span> <span class='ocrx_word' id='word_1_41' title='bbox 625 814 658 873; x_wconf 91' lang='lat' dir='ltr'>in</span> <span class='ocrx_word' id='word_1_42' title='bbox 674 814 879 876; x_wconf 89' lang='lat' dir='ltr'>aestimanda</span> <span class='ocrx_word' id='word_1_43' title='bbox 894 814 1027 876; x_wconf 88' lang='lat' dir='ltr'>fortuna</span> <span class='ocrx_word' id='word_1_44' title='bbox 1043 821 1152 876; x_wconf 90' lang='lat' dir='ltr'>vestra</span> 
     </span>
     <span class='ocr_line' id='line_1_7' title="bbox 92 913 1205 993; baseline 0 -18"><span class='ocrx_word' id='word_1_45' title='bbox 92 914 286 989; x_wconf 88' lang='lat' dir='ltr'>habueritis,</span> <span class='ocrx_word' id='word_1_46' title='bbox 319 914 466 988; x_wconf 91' lang='lat' dir='ltr'>vicimus,</span> <span class='ocrx_word' id='word_1_47' title='bbox 499 913 617 976; x_wconf 91' lang='lat' dir='ltr'>milites</span> <span class='ocrx_word' id='word_1_48' title='bbox 625 934 633 990; x_wconf 86' lang='lat'>;</span> <span class='ocrx_word' id='word_1_49' title='bbox 675 933 781 992; x_wconf 90' lang='lat' dir='ltr'>neque</span> <span class='ocrx_word' id='word_1_50' title='bbox 811 914 899 989; x_wconf 89' lang='lat' dir='ltr'>enirn</span> <span class='ocrx_word' id='word_1_51' title='bbox 928 914 1152 993; x_wconf 77' lang='lat' dir='ltr'>spectaculum</span> <span class='ocrx_word' id='word_1_52' title='bbox 1204 964 1205 967; x_wconf 63' lang='lat'>,</span> 
     </span>
     <span class='ocr_line' id='line_1_8' title="bbox 92 1008 1151 1174; baseline -0.003 -97"><span class='ocrx_word' id='word_1_53' title='bbox 92 1015 193 1077; x_wconf 94' lang='lat' dir='ltr'>modo</span> <span class='ocrx_word' id='word_1_54' title='bbox 209 1013 301 1089; x_wconf 94' lang='lat' dir='ltr'>illud,</span> <span class='ocrx_word' id='word_1_55' title='bbox 317 1014 374 1076; x_wconf 92' lang='lat' dir='ltr'>sed</span> <span class='ocrx_word' id='word_1_56' title='bbox 389 1013 554 1093; x_wconf 82' lang='lat' dir='ltr'>quaedam</span> <span class='ocrx_word' id='word_1_57' title='bbox 569 1014 671 1076; x_wconf 85' lang='lat' dir='ltr'>veluti</span> <span class='ocrx_word' id='word_1_58' title='bbox 687 1014 794 1092; x_wconf 85' lang='lat' dir='ltr'>imago</span> <span class='ocrx_word' id='word_1_59' title='bbox 811 1008 938 1174; x_wconf 52' lang='lat' dir='ltr'>Tstrae</span> <span class='ocrx_word' id='word_1_60' title='bbox 955 1014 1151 1076; x_wconf 91' lang='lat' dir='ltr'>condicionis</span> 
     </span>
     <span class='ocr_line' id='line_1_9' title="bbox 91 1113 1186 1193; baseline -0.003 -15"><span class='ocrx_word' id='word_1_61' title='bbox 91 1121 175 1178; x_wconf 89' lang='lat' dir='ltr'>erat.</span> <span class='ocrx_word' id='word_1_62' title='bbox 222 1114 276 1175; x_wconf 84' lang='lat' dir='ltr'>Ac·</span> <span class='ocrx_word' id='word_1_63' title='bbox 292 1113 400 1176; x_wconf 89' lang='lat' dir='ltr'>nescio</span> <span class='ocrx_word' id='word_1_64' title='bbox 424 1134 466 1174; x_wconf 87' lang='lat' dir='ltr'>an</span> <span class='ocrx_word' id='word_1_65' title='bbox 490 1114 614 1175; x_wconf 89' lang='lat' dir='ltr'>maiora</span> <span class='ocrx_word' id='word_1_66' title='bbox 638 1113 768 1174; x_wconf 88' lang='lat' dir='ltr'>vincula</span> <span class='ocrx_word' id='word_1_67' title='bbox 792 1134 824 1174; x_wconf 93' lang='lat' dir='ltr'>m</span> <span class='ocrx_word' id='word_1_68' title='bbox 847 1114 993 1193; x_wconf 88' lang='lat' dir='ltr'>ioresque</span> <span class='ocrx_word' id='word_1_69' title='bbox 1016 1115 1151 1177; x_wconf 86' lang='lat' dir='ltr'>necessi·</span> <span class='ocrx_word' id='word_1_70' title='bbox 1172 1132 1186 1175; x_wconf 87' lang='lat'><strong>3</strong></span> 
     </span>
     <span class='ocr_line' id='line_1_10' title="bbox 91 1212 1151 1292; baseline -0.003 -15"><span class='ocrx_word' id='word_1_71' title='bbox 91 1221 182 1277; x_wconf 89' lang='lat' dir='ltr'>tates</span> <span class='ocrx_word' id='word_1_72' title='bbox 202 1212 297 1275; x_wconf 87' lang='lat' dir='ltr'>vobis</span> <span class='ocrx_word' id='word_1_73' title='bbox 317 1233 417 1292; x_wconf 89' lang='lat' dir='ltr'>quam</span> <span class='ocrx_word' id='word_1_74' title='bbox 438 1213 577 1292; x_wconf 89' lang='lat' dir='ltr'>captivis</span> <span class='ocrx_word' id='word_1_75' title='bbox 597 1214 714 1275; x_wconf 90' lang='lat' dir='ltr'>vestris</span> <span class='ocrx_word' id='word_1_76' title='bbox 733 1213 867 1275; x_wconf 89' lang='lat' dir='ltr'>fortuna</span> <span class='ocrx_word' id='word_1_77' title='bbox 888 1213 1151 1276; x_wconf 78' lang='lat' dir='ltr'>circumdederit:</span> 
     </span>
     <span class='ocr_line' id='line_1_11' title="bbox 91 1313 1185 1392; baseline -0.002 -16"><span class='ocrx_word' id='word_1_78' title='bbox 91 1314 213 1376; x_wconf 88' lang='lat' dir='ltr'>dextra</span> <span class='ocrx_word' id='word_1_79' title='bbox 238 1314 397 1392; x_wconf 89' lang='lat' dir='ltr'>laevaque</span> <span class='ocrx_word' id='word_1_80' title='bbox 423 1313 488 1375; x_wconf 94' lang='lat' dir='ltr'>duo</span> <span class='ocrx_word' id='word_1_81' title='bbox 514 1313 616 1374; x_wconf 90' lang='lat' dir='ltr'>maria</span> <span class='ocrx_word' id='word_1_82' title='bbox 643 1313 800 1375; x_wconf 87' lang='lat' dir='ltr'>claudunt</span> <span class='ocrx_word' id='word_1_83' title='bbox 825 1313 949 1374; x_wconf 89' lang='lat' dir='ltr'>nullam</span> <span class='ocrx_word' id='word_1_84' title='bbox 974 1333 1014 1375; x_wconf 99' lang='lat' dir='ltr'>ne</span> <span class='ocrx_word' id='word_1_85' title='bbox 1039 1314 1081 1375; x_wconf 89' lang='lat' dir='ltr'>ad</span> <span class='ocrx_word' id='word_1_86' title='bbox 1106 1314 1185 1375; x_wconf 85' lang='lat' dir='ltr'>ef-4</span> 
     </span>
     <span class='ocr_line' id='line_1_12' title="bbox 90 1412 1151 1492; baseline -0.002 -16"><span class='ocrx_word' id='word_1_87' title='bbox 90 1414 223 1492; x_wconf 84' lang='lat' dir='ltr'>fugium</span> <span class='ocrx_word' id='word_1_88' title='bbox 258 1413 392 1492; x_wconf 89' lang='lat' dir='ltr'>quidem</span> <span class='ocrx_word' id='word_1_89' title='bbox 427 1433 547 1476; x_wconf 88' lang='lat' dir='ltr'>navem</span> <span class='ocrx_word' id='word_1_90' title='bbox 583 1412 744 1487; x_wconf 74' lang='lat' dir='ltr'>habentia,</span> <span class='ocrx_word' id='word_1_91' title='bbox 783 1414 865 1474; x_wconf 91' lang='lat' dir='ltr'>circa</span> <span class='ocrx_word' id='word_1_92' title='bbox 902 1413 1011 1475; x_wconf 89' lang='lat' dir='ltr'>Padus</span> <span class='ocrx_word' id='word_1_93' title='bbox 1046 1414 1151 1474; x_wconf 90' lang='lat' dir='ltr'>amnis</span> 
     </span>
     <span class='ocr_line' id='line_1_13' title="bbox 92 1512 1150 1591; baseline -0.001 -16"><span class='ocrx_word' id='word_1_94' title='bbox 92 1514 201 1575; x_wconf 86' lang='lat' dir='ltr'>maior</span> <span class='ocrx_word' id='word_1_95' title='bbox 218 1533 256 1574; x_wconf 89' lang='lat' dir='ltr'>ac</span> <span class='ocrx_word' id='word_1_96' title='bbox 275 1512 449 1579; x_wconf 89' lang='lat' dir='ltr'>violentior</span> <span class='ocrx_word' id='word_1_97' title='bbox 467 1512 640 1588; x_wconf 88' lang='lat' dir='ltr'>Rhodano,</span> <span class='ocrx_word' id='word_1_98' title='bbox 660 1512 702 1574; x_wconf 90' lang='lat' dir='ltr'>ab</span> <span class='ocrx_word' id='word_1_99' title='bbox 722 1520 812 1590; x_wconf 88' lang='lat' dir='ltr'>tergo</span> <span class='ocrx_word' id='word_1_100' title='bbox 832 1513 929 1591; x_wconf 87' lang='lat' dir='ltr'>Alpes</span> <span class='ocrx_word' id='word_1_101' title='bbox 948 1520 1075 1590; x_wconf 88' lang='lat' dir='ltr'>urgent,</span> <span class='ocrx_word' id='word_1_102' title='bbox 1095 1514 1150 1574; x_wconf 87' lang='lat' dir='ltr'>vix</span> 
     </span>
     <span class='ocr_line' id='line_1_14' title="bbox 92 1612 1151 1690; baseline 0 -16"><span class='ocrx_word' id='word_1_103' title='bbox 92 1613 230 1690; x_wconf 86' lang='lat' dir='ltr'>integris</span> <span class='ocrx_word' id='word_1_104' title='bbox 255 1612 349 1674; x_wconf 90' lang='lat' dir='ltr'>vobis</span> <span class='ocrx_word' id='word_1_105' title='bbox 375 1633 413 1674; x_wconf 92' lang='lat' dir='ltr'>ac</span> <span class='ocrx_word' id='word_1_106' title='bbox 439 1613 625 1690; x_wconf 89' lang='lat' dir='ltr'>vigentibus</span> <span class='ocrx_word' id='word_1_107' title='bbox 652 1614 819 1675; x_wconf 86' lang='lat' dir='ltr'>transitae.</span> <span class='ocrx_word' id='word_1_108' title='bbox 866 1614 928 1674; x_wconf 91' lang='lat' dir='ltr'>Hic</span> <span class='ocrx_word' id='word_1_109' title='bbox 954 1614 1151 1675; x_wconf 89' lang='lat' dir='ltr'>vincendum</span> 
     </span>
     <span class='ocr_line' id='line_1_15' title="bbox 92 1712 1149 1790; baseline 0 -16"><span class='ocrx_word' id='word_1_110' title='bbox 92 1719 155 1775; x_wconf 88' lang='lat' dir='ltr'>aut</span> <span class='ocrx_word' id='word_1_111' title='bbox 171 1712 386 1788; x_wconf 90' lang='lat' dir='ltr'>moriendum,</span> <span class='ocrx_word' id='word_1_112' title='bbox 403 1713 532 1787; x_wconf 88' lang='lat' dir='ltr'>milites,</span> <span class='ocrx_word' id='word_1_113' title='bbox 548 1720 608 1787; x_wconf 90' lang='lat' dir='ltr'>est,</span> <span class='ocrx_word' id='word_1_114' title='bbox 625 1713 681 1773; x_wconf 93' lang='lat' dir='ltr'>ubi</span> <span class='ocrx_word' id='word_1_115' title='bbox 698 1713 840 1790; x_wconf 91' lang='lat' dir='ltr'>primum</span> <span class='ocrx_word' id='word_1_116' title='bbox 854 1712 940 1774; x_wconf 91' lang='lat' dir='ltr'>hosti</span> <span class='ocrx_word' id='word_1_117' title='bbox 956 1714 1149 1774; x_wconf 91' lang='lat' dir='ltr'>occurristis.</span> 
     </span>
     <span class='ocr_line' id='line_1_16' title="bbox 94 1812 1186 1891; baseline -0.005 -17"><span class='ocrx_word' id='word_1_118' title='bbox 94 1813 139 1875; x_wconf 85' lang='lat' dir='ltr'>Et</span> <span class='ocrx_word' id='word_1_119' title='bbox 157 1812 274 1875; x_wconf 85' lang='lat' dir='ltr'>eadem</span> <span class='ocrx_word' id='word_1_120' title='bbox 290 1813 434 1888; x_wconf 86' lang='lat' dir='ltr'>fortuna,</span> <span class='ocrx_word' id='word_1_121' title='bbox 453 1832 537 1890; x_wconf 89' lang='lat' dir='ltr'>quae</span> <span class='ocrx_word' id='word_1_122' title='bbox 554 1813 782 1875; x_wconf 85' lang='lat' dir='ltr'>necessitatem</span> <span class='ocrx_word' id='word_1_123' title='bbox 800 1813 966 1891; x_wconf 90' lang='lat' dir='ltr'>pugnandi</span> <span class='ocrx_word' id='word_1_124' title='bbox 984 1813 1149 1891; x_wconf 84' lang='lat' dir='ltr'>imposuit,</span> <span class='ocrx_word' id='word_1_125' title='bbox 1171 1825 1186 1869; x_wconf 84' lang='lat'><strong>5</strong></span> 
     </span>
     <span class='ocr_line' id='line_1_17' title="bbox 93 1911 1150 1992; baseline -0.001 -19"><span class='ocrx_word' id='word_1_126' title='bbox 93 1912 242 1992; x_wconf 88' lang='lat' dir='ltr'>praemia</span> <span class='ocrx_word' id='word_1_127' title='bbox 268 1911 361 1973; x_wconf 90' lang='lat' dir='ltr'>vobis</span> <span class='ocrx_word' id='word_1_128' title='bbox 386 1932 425 1974; x_wconf 89' lang='lat' dir='ltr'>ea</span> <span class='ocrx_word' id='word_1_129' title='bbox 452 1911 631 1973; x_wconf 88' lang='lat' dir='ltr'>victoribus</span> <span class='ocrx_word' id='word_1_130' title='bbox 658 1913 821 1990; x_wconf 82' lang='lat' dir='ltr'>proponit,</span> <span class='ocrx_word' id='word_1_131' title='bbox 849 1911 967 1991; x_wconf 91' lang='lat' dir='ltr'>quibus</span> <span class='ocrx_word' id='word_1_132' title='bbox 993 1912 1150 1990; x_wconf 87' lang='lat' dir='ltr'>ampliora</span> 
     </span>
     <span class='ocr_line' id='line_1_18' title="bbox 92 1997 1149 2091; baseline 0 -18"><span class='ocrx_word' id='word_1_133' title='bbox 92 2011 244 2074; x_wconf 91' lang='lat' dir='ltr'>homines</span> <span class='ocrx_word' id='word_1_134' title='bbox 267 2031 307 2074; x_wconf 88' lang='lat' dir='ltr'>ne</span> <span class='ocrx_word' id='word_1_135' title='bbox 330 2011 371 2073; x_wconf 88' lang='lat' dir='ltr'>ab</span> <span class='ocrx_word' id='word_1_136' title='bbox 395 2011 456 2072; x_wconf 91' lang='lat' dir='ltr'>diis</span> <span class='ocrx_word' id='word_1_137' title='bbox 480 2011 612 2090; x_wconf 92' lang='lat' dir='ltr'>quidem</span> <span class='ocrx_word' id='word_1_138' title='bbox 635 2011 875 2073; x_wconf 83' lang='lat' dir='ltr'>immortalibus</span> <span class='ocrx_word' id='word_1_139' title='bbox 898 1997 1012 2091; x_wconf 87' lang='lat' dir='ltr'>optare</span> <span class='ocrx_word' id='word_1_140' title='bbox 1034 2012 1149 2074; x_wconf 89' lang='lat' dir='ltr'>solent.</span> 
     </span>
     <span class='ocr_line' id='line_1_19' title="bbox 92 2112 1186 2190; baseline -0.005 -15"><span class='ocrx_word' id='word_1_141' title='bbox 92 2113 127 2176; x_wconf 87' lang='lat' dir='ltr'>Si</span> <span class='ocrx_word' id='word_1_142' title='bbox 164 2112 309 2174; x_wconf 87' lang='lat' dir='ltr'>Siciliam</span> <span class='ocrx_word' id='word_1_143' title='bbox 344 2118 477 2173; x_wconf 90' lang='lat' dir='ltr'>tantum</span> <span class='ocrx_word' id='word_1_144' title='bbox 513 2131 551 2173; x_wconf 90' lang='lat' dir='ltr'>ac</span> <span class='ocrx_word' id='word_1_145' title='bbox 586 2112 771 2173; x_wconf 83' lang='lat' dir='ltr'>Sardiniam</span> <span class='ocrx_word' id='word_1_146' title='bbox 806 2112 997 2190; x_wconf 90' lang='lat' dir='ltr'>parentibus</span> <span class='ocrx_word' id='word_1_147' title='bbox 1032 2113 1186 2173; x_wconf 79' lang='lat' dir='ltr'>nostrisa</span> 
     </span>
     <span class='ocr_line' id='line_1_20' title="bbox 91 2212 1151 2291; baseline -0.002 -17"><span class='ocrx_word' id='word_1_148' title='bbox 91 2218 226 2291; x_wconf 89' lang='lat' dir='ltr'>ereptas</span> <span class='ocrx_word' id='word_1_149' title='bbox 244 2217 358 2274; x_wconf 87' lang='lat' dir='ltr'>nostra</span> <span class='ocrx_word' id='word_1_150' title='bbox 378 2212 502 2274; x_wconf 86' lang='lat' dir='ltr'>virtute</span> <span class='ocrx_word' id='word_1_151' title='bbox 523 2212 744 2290; x_wconf 86' lang='lat' dir='ltr'>recuperaturi</span> <span class='ocrx_word' id='word_1_152' title='bbox 764 2231 917 2287; x_wconf 83' lang='lat' dir='ltr'>essemus,</span> <span class='ocrx_word' id='word_1_153' title='bbox 939 2213 1018 2273; x_wconf 90' lang='lat' dir='ltr'>satis</span> <span class='ocrx_word' id='word_1_154' title='bbox 1040 2219 1151 2274; x_wconf 88' lang='lat' dir='ltr'>tamen</span> 
     </span>
     <span class='ocr_line' id='line_1_21' title="bbox 93 2310 1150 2391; baseline 0 -18"><span class='ocrx_word' id='word_1_155' title='bbox 93 2311 206 2390; x_wconf 88' lang='lat' dir='ltr'>ampla</span> <span class='ocrx_word' id='word_1_156' title='bbox 235 2311 341 2390; x_wconf 86' lang='lat' dir='ltr'>pretia</span> <span class='ocrx_word' id='word_1_157' title='bbox 369 2317 494 2374; x_wconf 91' lang='lat' dir='ltr'>essent:</span> <span class='ocrx_word' id='word_1_158' title='bbox 535 2311 695 2391; x_wconf 93' lang='lat' dir='ltr'>quidquid</span> <span class='ocrx_word' id='word_1_159' title='bbox 726 2311 866 2372; x_wconf 86' lang='lat' dir='ltr'>Romani</span> <span class='ocrx_word' id='word_1_160' title='bbox 896 2318 947 2374; x_wconf 92' lang='lat' dir='ltr'>tot</span> <span class='ocrx_word' id='word_1_161' title='bbox 977 2310 1150 2390; x_wconf 90' lang='lat' dir='ltr'>triumphis</span> 
     </span>
     <span class='ocr_line' id='line_1_22' title="bbox 68 2411 1151 2491; baseline -0.002 -18"><span class='ocrx_word' id='word_1_162' title='bbox 68 2419 231 2491; x_wconf 89' lang='lat' dir='ltr'>&#39;partum</span> <span class='ocrx_word' id='word_1_163' title='bbox 253 2418 508 2490; x_wconf 91' lang='lat' dir='ltr'>congestumque</span> <span class='ocrx_word' id='word_1_164' title='bbox 531 2411 709 2490; x_wconf 89' lang='lat' dir='ltr'>possident,</span> <span class='ocrx_word' id='word_1_165' title='bbox 732 2411 766 2473; x_wconf 92' lang='lat' dir='ltr'>id</span> <span class='ocrx_word' id='word_1_166' title='bbox 789 2432 884 2473; x_wconf 90' lang='lat' dir='ltr'>omne</span> <span class='ocrx_word' id='word_1_167' title='bbox 907 2418 1054 2473; x_wconf 89' lang='lat' dir='ltr'>vestrum</span> <span class='ocrx_word' id='word_1_168' title='bbox 1077 2431 1151 2473; x_wconf 91' lang='lat' dir='ltr'>cum</span> 
     </span>
     <span class='ocr_line' id='line_1_23' title="bbox 92 2510 1184 2591; baseline -0.003 -19"><span class='ocrx_word' id='word_1_169' title='bbox 92 2511 173 2591; x_wconf 84' lang='lat' dir='ltr'>ipsis</span> <span class='ocrx_word' id='word_1_170' title='bbox 196 2510 337 2573; x_wconf 87' lang='lat' dir='ltr'>dominis</span> <span class='ocrx_word' id='word_1_171' title='bbox 359 2511 510 2573; x_wconf 88' lang='lat' dir='ltr'>futurum</span> <span class='ocrx_word' id='word_1_172' title='bbox 532 2518 592 2574; x_wconf 88' lang='lat' dir='ltr'>est.</span> <span class='ocrx_word' id='word_1_173' title='bbox 639 2512 677 2572; x_wconf 93' lang='lat' dir='ltr'>In</span> <span class='ocrx_word' id='word_1_174' title='bbox 700 2510 784 2573; x_wconf 89' lang='lat' dir='ltr'>hanc</span> <span class='ocrx_word' id='word_1_175' title='bbox 808 2518 879 2572; x_wconf 92' lang='lat' dir='ltr'>tam</span> <span class='ocrx_word' id='word_1_176' title='bbox 901 2512 1047 2590; x_wconf 88' lang='lat' dir='ltr'>opimam</span> <span class='ocrx_word' id='word_1_177' title='bbox 1070 2531 1150 2574; x_wconf 93' lang='lat' dir='ltr'>mer·</span> <span class='ocrx_word' id='word_1_178' title='bbox 1171 2524 1184 2569; x_wconf 78' lang='lat' dir='ltr'>t</span> 
     </span>
     <span class='ocr_line' id='line_1_24' title="bbox 93 2610 1186 2689; baseline 0.002 -16"><span class='ocrx_word' id='word_1_179' title='bbox 93 2610 219 2685; x_wconf 84' lang='lat' dir='ltr'>cedem,</span> <span class='ocrx_word' id='word_1_180' title='bbox 230 2611 316 2688; x_wconf 92' lang='lat' dir='ltr'>agite</span> <span class='ocrx_word' id='word_1_181' title='bbox 329 2610 418 2686; x_wconf 89' lang='lat' dir='ltr'>dum,</span> <span class='ocrx_word' id='word_1_182' title='bbox 430 2611 491 2672; x_wconf 91' lang='lat' dir='ltr'>diis</span> <span class='ocrx_word' id='word_1_183' title='bbox 503 2610 585 2673; x_wconf 91' lang='lat' dir='ltr'>bene</span> <span class='ocrx_word' id='word_1_184' title='bbox 597 2611 788 2672; x_wconf 88' lang='lat' dir='ltr'>iuvantibus</span> <span class='ocrx_word' id='word_1_185' title='bbox 801 2632 890 2674; x_wconf 91' lang='lat' dir='ltr'>arma</span> <span class='ocrx_word' id='word_1_186' title='bbox 903 2612 1018 2689; x_wconf 88' lang='lat' dir='ltr'>capite.</span> <span class='ocrx_word' id='word_1_187' title='bbox 1063 2611 1150 2673; x_wconf 83' lang='lat' dir='ltr'>Satis</span> <span class='ocrx_word' id='word_1_188' title='bbox 1171 2631 1186 2675; x_wconf 86' lang='lat' dir='ltr'>s</span> 
     </span>
     <span class='ocr_line' id='line_1_25' title="bbox 93 2708 1150 2789; baseline 0.001 -18"><span class='ocrx_word' id='word_1_189' title='bbox 93 2708 203 2772; x_wconf 90' lang='lat' dir='ltr'>adhuc</span> <span class='ocrx_word' id='word_1_190' title='bbox 217 2709 250 2770; x_wconf 91' lang='lat' dir='ltr'>in</span> <span class='ocrx_word' id='word_1_191' title='bbox 264 2710 367 2771; x_wconf 87' lang='lat' dir='ltr'>vastis</span> <span class='ocrx_word' id='word_1_192' title='bbox 381 2711 570 2772; x_wconf 89' lang='lat' dir='ltr'>Lusitaniae</span> <span class='ocrx_word' id='word_1_193' title='bbox 583 2711 839 2789; x_wconf 88' lang='lat' dir='ltr'>Celtiberiaeque</span> <span class='ocrx_word' id='word_1_194' title='bbox 854 2711 1020 2772; x_wconf 91' lang='lat' dir='ltr'>montibus</span> <span class='ocrx_word' id='word_1_195' title='bbox 1034 2730 1150 2788; x_wconf 89' lang='lat' dir='ltr'>pecora</span> 
     </span>
     <span class='ocr_line' id='line_1_26' title="bbox 95 2809 1151 2889; baseline 0 -18"><span class='ocrx_word' id='word_1_196' title='bbox 95 2809 315 2872; x_wconf 87' lang='lat' dir='ltr'>consectando</span> <span class='ocrx_word' id='word_1_197' title='bbox 342 2809 469 2871; x_wconf 93' lang='lat' dir='ltr'>nullum</span> <span class='ocrx_word' id='word_1_198' title='bbox 495 2809 754 2872; x_wconf 92' lang='lat' dir='ltr'>emolumentum</span> <span class='ocrx_word' id='word_1_199' title='bbox 781 2817 832 2872; x_wconf 92' lang='lat' dir='ltr'>tot</span> <span class='ocrx_word' id='word_1_200' title='bbox 860 2810 1009 2872; x_wconf 88' lang='lat' dir='ltr'>laborum</span> <span class='ocrx_word' id='word_1_201' title='bbox 1028 2811 1151 2889; x_wconf 88' lang='lat' dir='ltr'>pericu-</span> 
     </span>
     <span class='ocr_line' id='line_1_27' title="bbox 93 2907 1186 2989; baseline 0.004 -20"><span class='ocrx_word' id='word_1_202' title='bbox 93 2907 266 2989; x_wconf 87' lang='lat' dir='ltr'>lorumque</span> <span class='ocrx_word' id='word_1_203' title='bbox 295 2916 479 2971; x_wconf 89' lang='lat' dir='ltr'>vestrorum</span> <span class='ocrx_word' id='word_1_204' title='bbox 501 2910 645 2986; x_wconf 73' lang='lat' dir='ltr'>vidistis,</span> <span class='ocrx_word' id='word_1_205' title='bbox 680 2917 810 2988; x_wconf 88' lang='lat' dir='ltr'>tempus</span> <span class='ocrx_word' id='word_1_206' title='bbox 835 2917 884 2972; x_wconf 92' lang='lat' dir='ltr'>est</span> <span class='ocrx_word' id='word_1_207' title='bbox 907 2911 973 2971; x_wconf 91' lang='lat' dir='ltr'>iam</span> <span class='ocrx_word' id='word_1_208' title='bbox 995 2909 1186 2988; x_wconf 79' lang='lat' dir='ltr'>opulentae</span> 
     </span>
     <span class='ocr_line' id='line_1_28' title="bbox 74 3008 1150 3088; baseline 0 -18"><span class='ocrx_word' id='word_1_209' title='bbox 74 3008 154 3071; x_wconf 88' lang='lat' dir='ltr'>&#39;vos</span> <span class='ocrx_word' id='word_1_210' title='bbox 183 3028 223 3072; x_wconf 90' lang='lat' dir='ltr'>ac</span> <span class='ocrx_word' id='word_1_211' title='bbox 252 3008 333 3070; x_wconf 90' lang='lat' dir='ltr'>ditia</span> <span class='ocrx_word' id='word_1_212' title='bbox 362 3009 526 3088; x_wconf 91' lang='lat' dir='ltr'>stipendia</span> <span class='ocrx_word' id='word_1_213' title='bbox 554 3009 660 3072; x_wconf 86' lang='lat' dir='ltr'>facere</span> <span class='ocrx_word' id='word_1_214' title='bbox 689 3016 722 3072; x_wconf 91' lang='lat' dir='ltr'>et</span> <span class='ocrx_word' id='word_1_215' title='bbox 753 3030 870 3087; x_wconf 88' lang='lat' dir='ltr'>magna</span> <span class='ocrx_word' id='word_1_216' title='bbox 900 3030 1016 3088; x_wconf 89' lang='lat' dir='ltr'>operae</span> <span class='ocrx_word' id='word_1_217' title='bbox 1047 3010 1150 3088; x_wconf 89' lang='lat' dir='ltr'>pretia</span> 
     </span>
     <span class='ocr_line' id='line_1_29' title="bbox 96 3108 1150 3188; baseline 0 -18"><span class='ocrx_word' id='word_1_218' title='bbox 96 3108 220 3184; x_wconf 91' lang='lat' dir='ltr'>mereri,</span> <span class='ocrx_word' id='word_1_219' title='bbox 240 3114 375 3171; x_wconf 90' lang='lat' dir='ltr'>tantum</span> <span class='ocrx_word' id='word_1_220' title='bbox 392 3109 517 3171; x_wconf 93' lang='lat' dir='ltr'>itineris</span> <span class='ocrx_word' id='word_1_221' title='bbox 536 3129 593 3188; x_wconf 88' lang='lat' dir='ltr'>per</span> <span class='ocrx_word' id='word_1_222' title='bbox 611 3116 662 3171; x_wconf 90' lang='lat' dir='ltr'>tot</span> <span class='ocrx_word' id='word_1_223' title='bbox 682 3116 809 3172; x_wconf 91' lang='lat' dir='ltr'>montes</span> <span class='ocrx_word' id='word_1_224' title='bbox 828 3110 1028 3188; x_wconf 89' lang='lat' dir='ltr'>fluminaque</span> <span class='ocrx_word' id='word_1_225' title='bbox 1047 3116 1080 3170; x_wconf 92' lang='lat' dir='ltr'>et</span> <span class='ocrx_word' id='word_1_226' title='bbox 1099 3116 1150 3170; x_wconf 91' lang='lat' dir='ltr'>tot</span> 
     </span>
     <span class='ocr_line' id='line_1_30' title="bbox 96 3209 1200 3287; baseline 0.004 -19"><span class='ocrx_word' id='word_1_227' title='bbox 96 3215 240 3270; x_wconf 87' lang='lat' dir='ltr'>armatas</span> <span class='ocrx_word' id='word_1_228' title='bbox 263 3214 375 3287; x_wconf 85' lang='lat' dir='ltr'>gentes</span> <span class='ocrx_word' id='word_1_229' title='bbox 397 3228 555 3271; x_wconf 82' lang='lat' dir='ltr'>emensos</span> <span class='ocrx_word' id='word_1_230' title='bbox 601 3210 663 3270; x_wconf 88' lang='lat' dir='ltr'>Hic</span> <span class='ocrx_word' id='word_1_231' title='bbox 685 3209 779 3270; x_wconf 88' lang='lat' dir='ltr'>vobis</span> <span class='ocrx_word' id='word_1_232' title='bbox 803 3210 980 3271; x_wconf 90' lang='lat' dir='ltr'>terminum</span> <span class='ocrx_word' id='word_1_233' title='bbox 1001 3209 1151 3269; x_wconf 89' lang='lat' dir='ltr'>laborum</span> <span class='ocrx_word' id='word_1_234' title='bbox 1172 3229 1200 3272; x_wconf 86' lang='lat'>10</span> 
     </span>
     <span class='ocr_line' id='line_1_31' title="bbox 95 3307 1150 3386; baseline 0.001 -18"><span class='ocrx_word' id='word_1_235' title='bbox 95 3307 228 3370; x_wconf 87' lang='lat' dir='ltr'>fortuna</span> <span class='ocrx_word' id='word_1_236' title='bbox 249 3308 341 3371; x_wconf 90' lang='lat' dir='ltr'>dedit</span> <span class='ocrx_word' id='word_1_237' title='bbox 349 3329 356 3384; x_wconf 89' lang='lat'>;</span> <span class='ocrx_word' id='word_1_238' title='bbox 389 3308 441 3370; x_wconf 89' lang='lat' dir='ltr'>hio</span> <span class='ocrx_word' id='word_1_239' title='bbox 462 3308 595 3386; x_wconf 88' lang='lat' dir='ltr'>dignam</span> <span class='ocrx_word' id='word_1_240' title='bbox 616 3309 798 3371; x_wconf 90' lang='lat' dir='ltr'>mercedem</span> <span class='ocrx_word' id='word_1_241' title='bbox 818 3309 960 3371; x_wconf 88' lang='lat' dir='ltr'>emeritis</span> <span class='ocrx_word' id='word_1_242' title='bbox 980 3309 1150 3386; x_wconf 89' lang='lat' dir='ltr'>stipendiis</span> 
     </span>
     <span class='ocr_line' id='line_1_32' title="bbox 91 3406 1199 3487; baseline -0.001 -19"><span class='ocrx_word' id='word_1_243' title='bbox 91 3407 198 3469; x_wconf 83' lang='lat' dir='ltr'>dabit.</span> <span class='ocrx_word' id='word_1_244' title='bbox 245 3407 322 3483; x_wconf 90' lang='lat' dir='ltr'>Nec,</span> <span class='ocrx_word' id='word_1_245' title='bbox 345 3427 446 3487; x_wconf 90' lang='lat' dir='ltr'>quam</span> <span class='ocrx_word' id='word_1_246' title='bbox 466 3409 574 3486; x_wconf 87' lang='lat' dir='ltr'>magni</span> <span class='ocrx_word' id='word_1_247' title='bbox 595 3409 735 3469; x_wconf 90' lang='lat' dir='ltr'>nominis</span> <span class='ocrx_word' id='word_1_248' title='bbox 755 3408 877 3470; x_wconf 90' lang='lat' dir='ltr'>bellum</span> <span class='ocrx_word' id='word_1_249' title='bbox 897 3415 956 3483; x_wconf 88' lang='lat' dir='ltr'>est,</span> <span class='ocrx_word' id='word_1_250' title='bbox 979 3415 1049 3469; x_wconf 92' lang='lat' dir='ltr'>tam</span> <span class='ocrx_word' id='word_1_251' title='bbox 1069 3406 1150 3468; x_wconf 89' lang='lat' dir='ltr'>diffi-</span> <span class='ocrx_word' id='word_1_252' title='bbox 1173 3415 1199 3458; x_wconf 88' lang='lat'>11</span> 
     </span>
     <span class='ocr_line' id='line_1_33' title="bbox 99 3504 1150 3585; baseline 0.002 -19"><span class='ocrx_word' id='word_1_253' title='bbox 99 3504 189 3568; x_wconf 92' lang='lat' dir='ltr'>cilem</span> <span class='ocrx_word' id='word_1_254' title='bbox 208 3506 434 3570; x_wconf 85' lang='lat' dir='ltr'>existimaritis</span> <span class='ocrx_word' id='word_1_255' title='bbox 457 3507 629 3568; x_wconf 87' lang='lat' dir='ltr'>victoriam</span> <span class='ocrx_word' id='word_1_256' title='bbox 649 3507 734 3569; x_wconf 90' lang='lat' dir='ltr'>fore:</span> <span class='ocrx_word' id='word_1_257' title='bbox 768 3527 864 3585; x_wconf 90' lang='lat' dir='ltr'>saepe</span> <span class='ocrx_word' id='word_1_258' title='bbox 885 3514 919 3568; x_wconf 90' lang='lat' dir='ltr'>et</span> <span class='ocrx_word' id='word_1_259' title='bbox 942 3513 1150 3584; x_wconf 91' lang='lat' dir='ltr'>contemptus</span> 
     </span>
    </p>
   </div>
   <div class='ocr_carea' id='block_1_3' title="bbox 0 0 1257 3908">
    <p class='ocr_par' dir='ltr' id='par_1_3' title="bbox 0 0 1257 3908">
     <span class='ocr_line' id='line_1_34' title="bbox 0 0 1257 3908; baseline 0 0"><span class='ocrx_word' id='word_1_260' title='bbox 0 0 1257 3908; x_wconf 95' lang='lat' dir='ltr'> </span> 
     </span>
    </p>
   </div>
  </div>
 </body>
</html>
