2496 3908
93 245 366 312 culpasque]
584 245 673 294 mvr
1136 227 1154 291 7

93 429 168 485 tum
189 441 317 484 summa
338 422 371 483 vi
393 420 656 500 oppugnabatur
701 418 825 481 Civitas
845 437 883 480 ea
904 417 998 496 longe
1022 416 1154 496 opulen-
1175 440 1190 484 2

93 524 222 585 tissima
251 522 410 616 ultrqr
352 522 525 617 Iliberum
552 521 626 596 fuit,
656 520 719 581 sita
748 537 862 597 passus
890 517 977 580 mille
1007 518 1108 582 ferme
1135 541 1154 582 a

93 625 187 686 mari.
233 600 369 684 Oriundi
402 642 421 683 a
454 620 623 699 Zacyntho
656 619 760 681 insula
794 617 958 695 dicuntur,
994 622 1155 701 mixtique

92 726 196 787 etiam
225 722 268 786 ab
296 722 404 785 Ardea
433 720 633 783 Rutulorum
662 719 797 798 quidam
827 721 968 798 generis;
1012 729 1190 785 ceteruma

93 827 127 885 in
150 831 263 887 tantas
285 823 375 886 brevi
398 827 566 884 creverant
589 840 665 898 opes
687 839 743 882 seu
767 820 940 883 maritimis
963 842 1019 885 seu
1042 830 1154 886 terres-

93 925 201 988 tribus
219 925 381 986 fructibus
400 944 456 1000 seu
476 923 697 985 multitudinis
719 924 920 986 incremento
940 944 996 987 seu
1016 923 1154 1003 discipli·

92 1045 156 1087 nae
181 1026 368 1100 sanctitate,
395 1044 460 1103 qua
485 1023 583 1086 fidem
607 1022 759 1085 socialem
786 1044 888 1102 usque
914 1024 956 1086 ad
980 1025 1154 1104 perniciem
1188 1037 1193 1045 ·

91 1145 189 1187 suam
227 1124 405 1187 coluerunt.
452 1125 617 1186 Hannibal
655 1126 774 1187 infesto
813 1126 957 1187 exercitu
995 1126 1190 1203 ingressus4

91 1226 175 1287 fines
201 1225 399 1303 pervastatis
431 1225 552 1303 passim
583 1226 667 1304 agris
699 1224 812 1288 urbem
847 1225 1011 1304 tripertito
1043 1224 1154 1303 adgre-

92 1325 194 1387 ditur.
240 1324 387 1402 Angulus
411 1326 495 1386 muri
517 1331 588 1387 erat
602 1324 643 1393 ,in
666 1325 845 1404 planiorem
871 1326 1154 1403 patentioremque
1174 1345 1189 1390 5

93 1444 196 1504 quam
240 1430 346 1486 cetera
390 1425 473 1485 circa
517 1424 635 1486 vallem
679 1445 823 1504 vergens.
884 1425 1049 1487 Adversus
1078 1443 1154 1486 eum

93 1525 208 1586 vineas
228 1544 322 1603 agere
343 1524 498 1599 instituit,
520 1544 578 1603 per
598 1544 679 1604 quas
700 1525 782 1587 aries
800 1523 971 1587 moenibus
987 1523 1154 1585 admoveri

93 1630 214 1703 posset.
260 1623 323 1686 Sed
345 1630 383 1685 ut
406 1623 496 1685 locus
517 1624 629 1702 procul
652 1644 746 1686 muro
769 1626 848 1686 satis
873 1644 996 1703 aequus
1020 1624 1152 1703 agendis
1173 1644 1188 1689 6

94 1724 198 1785 vineis
228 1723 302 1798 fuit,
337 1724 383 1785 ita
416 1722 673 1802 haudquaquam
705 1744 866 1802 prospere,
902 1729 1078 1803 postquam
1109 1723 1152 1785 ad

93 1824 248 1886 effectum
284 1824 390 1901 operis
427 1830 570 1895 ventum,
599 1830 658 1898 est,
697 1825 819 1902 coeptis
856 1823 1062 1886 succedebat.
1107 1824 1186 1886 Etr

94 1925 193 1985 turris
216 1924 328 2002 ingens
351 1924 554 1998 imminebat,
578 1930 611 1985 et
634 1943 755 1998 murus
779 1930 817 1986 ut
840 1925 872 1985 in
897 1930 1048 2002 suspecto
1069 1924 1150 1998 loce,

93 2043 193 2103 supra
211 2029 336 2085 ceterae
354 2023 489 2085 modurn
506 2023 690 2085 altitudinis
707 2025 873 2086 emunitus
889 2030 970 2098 erat,
990 2030 1023 2085 et
1041 2025 1152 2086 iuven-

94 2130 148 2185 tus
175 2123 312 2198 delecta,
339 2123 396 2185 ubi
422 2122 599 2202 plurimum
626 2123 758 2202 periculi
785 2144 822 2185 ac
850 2124 976 2186 timoris
1004 2124 1152 2186 ostende-

93 2225 202 2299 batur,
231 2223 275 2284 ibi
303 2224 335 2284 vi
362 2223 484 2285 maiore
511 2223 725 2286 obsistebant.
771 2225 817 2284 Ac
844 2225 949 2302 primo
978 2208 1186 2286 missilibuse

92 2324 288 2385 submovere
310 2323 438 2386 hostem
461 2343 519 2384 nec
542 2324 718 2403 quicquam
740 2324 820 2385 satis
842 2329 954 2385 tutum
977 2324 1151 2386 munienti-

94 2424 154 2485 bus
182 2423 269 2502 pati,·
309 2423 426 2485 deinde
453 2423 519 2484 iam
547 2442 612 2484 non
641 2443 699 2501 pro
727 2423 897 2484 moenibus
925 2423 1022 2485 modo
1051 2430 1151 2503 atque

93 2523 176 2585 turri
197 2522 263 2585 tela
278 2523 408 2598 micare,
425 2523 481 2584 sed
503 2523 546 2585 ad
567 2523 804 2601 erumpendum
819 2514 970 2601 etiamgln
993 2524 1151 2586 stationes

93 2641 257 2701 operaque
275 2621 420 2684 hostiurn
439 2624 568 2685 animus
586 2629 672 2698 erat,
703 2623 822 2702 quibus
842 2623 1066 2686 tumultuariis
1086 2644 1150 2686 cer·
1171 2637 1186 2683 9

93 2722 273 2783 taminibus
297 2722 386 2784 haud
409 2722 511 2785 ferme
534 2722 643 2801 plures
667 2723 838 2802 Saguntini
864 2723 1026 2785 cadebant
1050 2743 1150 2803 quam

92 2822 203 2883 Poeni.
249 2823 295 2884 Ut
322 2843 399 2884 vero
426 2823 592 2895 Hannibal
613 2823 697 2902 ipse,
725 2823 804 2884 dum
830 2820 961 2885 murum
988 2824 1150 2886 incautius
1171 2843 1199 2888 10

91 2920 192 2997 subit,
225 2921 401 2985 adversum
421 2923 540 2985 lemur
571 2923 699 3002 tragula
731 2924 876 3002 graviter
910 2924 994 2986 ictus
1022 2924 1149 3000 cecidit,

54 3012 57 3016 ’
92 3027 189 3083 tanta
209 3021 293 3083 circe
311 3022 390 3100 fuga
408 3043 446 3084 ac
466 3021 643 3100 trepidatio
661 3023 735 3097 fuit,
757 3029 878 3084 utnon
898 3023 1040 3085 multum
1059 3025 1150 3086 abes-

91 3127 152 3196 set,
177 3121 257 3200 quin
279 3141 378 3201 opera
400 3142 438 3183 ac
461 3122 575 3184 vineae
598 3122 830 3184 desererentur.
877 3122 1010 3186 Obsidio
1034 3123 1190 3186 deinde8

91 3239 295 3300 perpaucos
317 3221 385 3283 dies
408 3223 633 3301 magisquam
656 3223 858 3301 oppugnatio
880 3223 954 3299 fuit,
978 3222 1058 3285 dum
1080 3225 1150 3294 uul-

91 3339 154 3382 nus
178 3319 270 3382 ducis
295 3327 472 3383 curaretur.
519 3322 580 3383 Per
603 3322 691 3400 quod
716 3328 846 3400 tempus
870 3329 908 3384 ut
932 3323 1023 3401 quies
1048 3330 1150 3386 certa-

90 3420 219 3482 minum
247 3409 329 3496 erat,
359 3421 406 3483 ita
435 3421 477 3483 ab
506 3428 669 3500 apparatu
698 3441 833 3499 operum
862 3442 899 3484 ac
929 3423 1149 3485 munitionum

90 3518 170 3582 nihil
200 3526 374 3583 cessatum.
419 3521 538 3600 Itaque
566 3520 672 3582 acrius
699 3519 739 3582 de
768 3521 893 3599 integro
923 3528 1070 3583 coortum
1098 3529 1184 3585 esta
