2496 3908
127 231 191 294 122
613 242 702 291 nrvr
959 243 1185 307 [nooxxxvn

127 416 216 495 quod
228 415 427 479 Claudianus
438 418 600 480 exercitus
615 417 694 478 nihil
711 418 812 480 ferme
825 425 955 497 praeter
969 439 1063 482 arma
1078 439 1186 482 secum

91 533 106 577 3
126 517 160 577 in
182 516 425 595 expeditionem
440 517 572 580 tulerat.
616 517 769 580 Ceterum
783 519 818 578 in
832 519 903 597 ipso
918 518 1035 582 itinere
1051 527 1186 583 auctum

126 616 321 679 voluntariis
335 636 451 695 agmen
465 624 546 693 erat,
562 616 774 680 offerentibus
788 618 874 681 ultro
888 637 957 680 sese
970 626 1005 681 et
1019 620 1186 683 veteribus

128 716 286 778 militibus
298 717 477 795 perfunctis
489 717 556 779 iam
568 717 685 780 militia
696 724 729 780 et
741 717 925 794 iuvenibus,
938 738 1021 797 quos
1034 720 1186 783 certatim

126 817 259 878 nomina
294 817 421 891 dantes,
455 817 481 878 si
516 837 656 897 quorum
690 818 833 896 corporis
865 817 988 896 species
1021 818 1187 899 roburque

90 916 246 979 4virium
285 923 403 995 aptum
442 915 577 979 militiae
617 916 802 992 videbatur,
843 917 1091 995 conscripserat.
1137 919 1187 981 Ad

126 1017 246 1079 Senam
265 1022 371 1078 castra
389 1015 524 1078 alterius
542 1016 681 1078 consulis
698 1023 803 1091 erant,
821 1023 854 1078 et
872 1017 1070 1096 quingentos
1087 1018 1186 1081 ferme

126 1116 202 1178 inde
235 1136 349 1194 passus
383 1114 570 1178 Hasdrubal
602 1116 727 1178 aberat.
773 1116 892 1195 Itaque
925 1135 1000 1177 cum
1032 1117 1101 1178 iam
1132 1117 1187 1180 ad-

127 1215 374 1295 propinquaret,
404 1222 511 1278 tectus
540 1215 708 1278 montibus
736 1215 886 1278 substitit
915 1215 1012 1292 Nero,
1040 1237 1083 1280 ne
1112 1224 1187 1280 ante

91 1322 259 1379 onoctem
294 1322 400 1377 castra
434 1315 666 1392 ingrederetur.
711 1315 847 1378 Silentio
881 1315 1025 1392 ingressi,
1062 1315 1105 1378 ab
1139 1316 1187 1378 sui

128 1415 266 1493 quisque
302 1414 423 1476 ordinis
458 1413 646 1476 hominibus
681 1415 714 1475 in
750 1415 893 1477 tentoria
928 1414 1077 1492 abducti,
1115 1435 1187 1478 cum

128 1534 256 1576 summa
284 1515 432 1576 omnium
458 1514 585 1577 laetitia
613 1514 820 1594 hospitaliter
846 1515 1066 1593 excipiuntur.
1112 1516 1188 1577 Pos-

128 1621 198 1676 tero
226 1614 277 1676 die
305 1614 475 1676 consilium
501 1613 663 1689 habitum,
693 1615 743 1676 cui
770 1620 803 1676 et
830 1614 866 1674 L.
895 1614 1029 1676 Porcius
1056 1615 1187 1677 Licinus

92 1727 108 1771 6
128 1721 260 1793 praetor
279 1714 396 1775 adfuit.
441 1714 556 1776 Castra
575 1714 688 1776 iuncta
708 1713 878 1775 consulum
898 1713 1011 1776 castris
1031 1712 1187 1793 habebat,

128 1821 162 1876 et
176 1821 254 1876 ante
268 1814 450 1875 adventum
464 1833 578 1876 eorum
592 1834 650 1892 per
662 1813 733 1875 loca
748 1812 980 1880 altaducendo
995 1814 1187 1890 exercitum,

131 1934 204 1975 cum
222 1913 319 1975 modo
335 1914 489 1975 insideret
506 1920 662 1990 angustos
679 1912 792 1988 saltus
810 1918 848 1974 ut
865 1913 1044 1974 transitum
1061 1912 1189 1976 claude·

131 2020 189 2088 ret,
209 2014 305 2075 modo
330 2013 372 2075 ab
397 2013 498 2075 latere
522 2020 581 2075 aut
605 2013 647 2074 ab
672 2019 763 2090 tergo
788 2019 934 2091 carperet
959 2031 1088 2091 agmen,
1106 2013 1189 2075 ludi·

130 2114 247 2175 ficatus
279 2113 408 2175 hostem
439 2112 591 2192 omnibus
623 2111 749 2174 artibus
781 2111 856 2173 belli
888 2113 1012 2188 fuerat;
1057 2113 1084 2174 is
1117 2120 1190 2175 tum

95 2225 108 2271 7
130 2214 163 2274 in
186 2212 317 2274 consilio
339 2213 463 2274 aderat.
509 2212 689 2274 Multorum
710 2232 748 2273 eo
769 2211 973 2273 inclinabant
994 2213 1189 2288 sententiae,

130 2321 178 2388 ut,
208 2314 287 2375 dum
313 2312 434 2374 fessum
462 2312 515 2373 via
542 2332 580 2373 ac
608 2311 724 2390 vigiliis
751 2311 896 2373 reficeret
924 2310 1063 2373 militem
1090 2312 1189 2388 Nem,

131 2413 226 2474 simul
245 2420 278 2475 et
298 2413 340 2474 ad
359 2413 560 2474 noscendum
578 2411 708 2474 hostem
727 2432 848 2490 paucos
867 2411 928 2472 sibi
947 2418 1091 2474 sumeret
1111 2413 1189 2487 dies,

95 2531 109 2575 8
131 2521 261 2591 tempus
281 2532 408 2591 pugnae
428 2510 612 2573 differretur
619 2532 627 2587 ;
659 2512 745 2573 Nero
763 2531 829 2572 non
848 2511 984 2573 suadere
1003 2510 1113 2587 modo,
1133 2513 1191 2575 sed

131 2633 259 2674 summa
275 2632 336 2689 ope
351 2632 442 2672 orare
457 2611 589 2686 institit,
606 2631 647 2673 ne
663 2611 833 2672 consilium
847 2630 954 2686 suum,
971 2611 1061 2690 quod
1077 2617 1192 2673 tutum

95 2729 111 2773 9
133 2712 278 2774 celeritas
300 2711 439 2786 fecisset,
463 2711 673 2773 temerarium
695 2711 854 2773 morando
876 2711 1038 2773 facerent:
1072 2696 1204 2785 errore,⁸

132 2813 187 2891 qui
206 2832 271 2873 non
291 2812 465 2873 diuturnus
483 2794 614 2872 futurus
633 2818 728 2886 esset,
748 2811 839 2873 velut
858 2816 1044 2889 torpentem
1064 2810 1191 2871 Hanni-

131 2911 239 2973 balem
263 2931 322 2973 nec
349 2918 456 2972 castra
482 2931 540 2972 sua
565 2911 634 2973 sine
660 2912 741 2973 duce
767 2911 879 2973 relicta
904 2910 1037 2988 adgredi
1062 2930 1122 2972 nec
1148 2910 1191 2971 ad

129 3012 333 3091 sequendum
366 3031 399 3073 se
432 3012 494 3073 iter
525 3011 713 3073 intendisse.
759 3011 947 3089 Antequam
979 3030 1013 3072 se
1045 3017 1190 3084 moveat,

131 3111 228 3173 deleri
247 3112 428 3173 exercitum
448 3110 662 3173 Hasdrubalis
681 3130 775 3188 posse
793 3111 954 3189 redirique
972 3110 1005 3171 in
1024 3110 1189 3188 Apuliam¹

81 3227 110 3272 10
131 3212 194 3287 Qui
213 3212 408 3289 prolatando
426 3211 571 3290 spatium
589 3211 675 3272 hosti
693 3211 759 3284 det,
777 3230 853 3272 eum
869 3217 902 3271 et
920 3210 974 3271 illa
992 3217 1100 3272 castra
1118 3230 1190 3288 pro-

132 3312 206 3374 dere
229 3311 407 3373 Hannibali
428 3319 461 3373 et
483 3312 606 3389 aperire
628 3311 660 3371 in
682 3310 822 3371 Galliam
842 3311 913 3384 iter,
936 3317 973 3372 ut
996 3331 1052 3388 per
1073 3311 1188 3386 otium,

82 3412 187 3474 nubi
221 3412 310 3487 velit,
346 3411 545 3473 Hasdrubali
579 3411 805 3489 coniungatur.
851 3410 1027 3488 Extemplo
1060 3411 1190 3488 signum

132 3512 278 3574 dandum
308 3518 341 3573 et
370 3512 558 3574 exeundum
587 3511 619 3572 in
649 3511 754 3573 aciem
782 3509 1053 3589 abutendumque
1083 3529 1189 3573 errore
