2496 3908
134 243 173 306 72
620 256 710 305 arvr
989 257 1174 323 [aooxxxn

132 430 197 490 iam
215 437 409 508 pervenerat
427 430 469 492 ad
487 431 557 492 looa
576 437 655 493 nata
673 431 807 507 insidiis,
826 431 883 494 ubi
900 433 1044 496 maxime
1062 439 1177 495 montes

131 530 346 592 Cortonenses
377 530 619 592 Trasumennus
651 531 750 593 subit.
795 532 857 593 Via
889 538 1023 594 tantum
1055 533 1178 597 interest

131 636 339 708 perangusta,
359 630 449 691 velut
467 630 509 692 ad
526 630 559 692 id
576 631 683 708 ipsum
700 630 741 692 de
757 631 918 694 industria
936 632 1050 695 relicto
1066 634 1178 711 spatio;

131 719 248 791 deinde
282 729 381 808 paulo
413 729 510 791 latior
541 731 680 808 patescit
705 750 840 809 campus
847 751 855 807 ;
900 731 976 793 inde
1009 732 1106 796 colles
1133 733 1179 795 ad·

96 836 278 908 esurgunt.
325 829 376 891 lbi
399 835 505 891 castra
527 829 560 889 in
582 835 697 908 aperto
718 830 816 906 locat,
838 831 895 892 ubi
916 831 985 909 ipse
1008 851 1084 894 oum
1104 832 1180 894 Afris

131 929 230 990 modo
244 929 465 1007 Hispanisque
480 929 661 991 consideret
669 949 676 1005 ;
703 929 848 992 Baliares
863 937 1072 1010 ceteramque
1085 931 1180 995 levem

131 1035 333 1092 armaturam
360 1036 435 1107 post
462 1029 584 1090 montis
611 1029 824 1092 circumducit
832 1050 840 1105 ;
878 1031 1006 1109 equites
1033 1031 1077 1094 ad
1104 1033 1181 1111 ipsas

130 1129 241 1190 fauces
257 1129 360 1190 saltus
378 1128 513 1190 tumulis
530 1135 607 1206 apte
625 1129 812 1206 tegentibus
827 1128 915 1215 looat
931 1136 980 1205 ut,
998 1130 1057 1192 ubi
1075 1131 1181 1194 intras
1224 1158 1226 1207 ;

130 1234 203 1291 sent
235 1228 387 1303 Romani,
420 1228 548 1290 obiecto
580 1228 731 1308 equitatu
764 1228 873 1290 clausa
905 1229 1016 1293 omnia
1047 1230 1122 1293 laou
1150 1251 1181 1293 aa

131 1328 298 1390 montibus
314 1335 431 1390 essent.

94 1438 110 1482 4
172 1427 351 1489 Flaminius
379 1448 456 1494 ‚oum
485 1428 590 1507 pridie
619 1428 695 1490 solis
724 1449 841 1491 occasu
871 1429 914 1492 ad
937 1429 1048 1492 laeum
1070 1450 1183 1510 ¹perve

130 1527 240 1602 nisset,
264 1527 469 1606 inexplorato
502 1535 633 1606 postero
666 1527 718 1590 die
740 1528 878 1590 vixdum
905 1529 985 1592 satis
1008 1537 1099 1593 certa
1119 1531 1184 1593 luoe

130 1628 289 1705 angustiis
317 1628 488 1706 superatis,
518 1633 695 1707 postquam
725 1629 757 1688 in
786 1629 1006 1706 patentiorem
1035 1650 1184 1710 eampum

129 1727 230 1805 pandi
249 1746 365 1805 agmen
384 1728 501 1805 coepit,
521 1727 553 1788 id
572 1733 704 1789 tantum
723 1727 868 1790 hostium
885 1728 974 1807 quod
991 1748 1034 1791 ex
1051 1730 1184 1792 adverso

129 1834 200 1888 erat
224 1827 408 1905 oonspexit;
444 1827 486 1887 ab
509 1834 600 1904 tergo
624 1847 661 1888 ao
684 1847 781 1905 super
804 1834 903 1906 eaput
926 1827 1015 1889 haud
1038 1828 1185 1892 detectae

94 1941 108 1984 5
129 1926 274 1989 insidiae.
321 1927 448 1988 Poenus
468 1927 534 2002 ubi,
556 1927 588 1988 id
609 1926 698 2006 quod
718 1927 868 2005 petierat,
890 1927 1037 1989 clausurn
1057 1928 1185 1991 laeuae

130 2026 297 2088 montibus
331 2033 363 2088 et
398 2026 629 2087 circumfusum
663 2028 729 2088 suis
763 2027 863 2104 copiis
897 2025 1014 2089 habuit
1047 2027 1184 2097 hostem,

93 2135 108 2179 6
129 2127 257 2204 signum
276 2126 427 2187 omnibus
445 2126 503 2187 dat
522 2125 616 2187 simul
636 2126 823 2188 invadendi.
869 2126 932 2201 Qui
950 2126 1017 2202 ubi,
1037 2147 1105 2206 qua
1124 2129 1185 2191 oui·

130 2246 192 2306 que
220 2227 406 2306 proximum
433 2225 507 2301 fuit,
537 2225 800 2301 decucurrerunt,
830 2244 868 2287 eo
896 2227 999 2305 magis
1028 2226 1185 2290 Romanis

129 2327 238 2389 subita
255 2333 355 2406 atque
372 2326 549 2404 improvisa
567 2325 706 2400 meluit,
724 2325 813 2404 quod
830 2333 902 2388 orta
919 2347 961 2388 ex
976 2326 1050 2388 laou
1068 2328 1185 2389 nebula

130 2447 245 2505 campo
262 2446 362 2506 quam
388 2425 555 2487 montibus
581 2425 711 2487 densior
735 2425 875 2503 sederat,
892 2425 1091 2506 agminaque
1116 2426 1185 2489 hos

129 2527 212 2589 tium
241 2546 282 2588 ex
311 2526 458 2604 pluribus
489 2525 624 2586 collibus
654 2526 723 2603 ipsa
746 2525 831 2587 inter
852 2545 885 2587 se
908 2526 988 2587 satis
1011 2536 1185 2606 conspecta

92 2636 231 2705 reoque
259 2627 361 2704 magis
390 2626 512 2703 pariter
539 2625 800 2686 decucurrerant.
847 2625 1017 2687 Romanus
1046 2626 1185 2691 clamore

128 2727 216 2805 prius
234 2726 378 2804 undique
396 2732 468 2787 orto
486 2744 585 2804 quarn
603 2725 683 2787 satis
701 2732 854 2799 cerneret,
873 2745 906 2786 se
924 2726 1184 2790 circumventum

127 2846 195 2888 esse
219 2826 330 2900 sensit,
355 2832 388 2887 et
413 2832 490 2886 ante
514 2825 547 2885 in
570 2825 712 2886 frontem
736 2825 905 2903 lateraque
929 2826 1069 2903 pugnari
1094 2846 1184 2905 coep

128 2932 268 2987 tumeat
289 2945 389 3003 quam
409 2926 489 2987 satis
510 2926 724 2986 instrueretur
743 2924 829 2985 acies
849 2930 907 2985 aut
928 2924 1075 3002 expediri
1096 2946 1184 2987 arma

127 3026 306 3103 stringique
321 3025 420 3103 gladii
436 3031 578 3102 possent.

89 3141 111 3189 5
168 3125 286 3187 Consul
310 3125 464 3202 perculsis
488 3124 639 3185 omnibus
663 3125 730 3202 ipse
754 3124 844 3199 satis,
868 3131 906 3186 ut
930 3125 963 3184 in
987 3144 1020 3186 re
1045 3126 1182 3205 trepida,

125 3225 310 3303 impavidus
330 3224 481 3285 turbatos
500 3224 638 3298 ordines
659 3230 807 3285 vertente
822 3244 856 3285 se
875 3243 1006 3303 quoque
1025 3225 1068 3287 ad
1084 3226 1183 3288 disso-

125 3346 184 3386 nos
211 3325 375 3398 clamores,
404 3324 545 3398 instruit,
572 3331 610 3385 ut
637 3330 767 3401 tempus
792 3324 947 3402 locusque
973 3325 1113 3402 patitur,
1139 3331 1181 3400 et,

125 3444 332 3504 quacumque
348 3423 437 3484 adire
453 3422 623 3500 audirique
639 3430 758 3501 potest,
776 3423 973 3485 adhortatur
988 3444 1026 3485 ao
1042 3431 1131 3488 stare
1145 3444 1182 3487 ao

88 3531 269 3604 2pugnare
301 3523 407 3585 iubet:
449 3542 507 3584 neo
538 3523 624 3583 enim
655 3523 729 3584 inde
756 3523 841 3585 votis
871 3529 929 3584 aut
956 3524 1182 3602 imploratione
