2496 3908
91 236 131 301 24
569 249 657 299 mvr
960 251 1057 318 [soor
1071 254 1145 304 xx1.

90 424 244 502 gladium,
268 425 293 486 si
316 445 373 504 per
395 425 504 487 Gallos
526 426 633 502 liceat,
657 446 757 506 quam
780 427 813 488 in
837 427 970 490 Italiam
993 429 1151 508 venisset:
1182 434 1187 452 '

54 524 135 586 cEt
159 544 216 602 per
240 525 373 587 nuntios
397 525 530 604 quidem
556 525 650 602 haec,·
687 533 725 589 ut
750 547 827 589 vero
852 528 953 606 reguli
978 528 1147 591 Gallorum

74 616 204 685 (castris
235 624 277 685 ad
309 624 468 686 Iliberrim
500 627 666 704 extemplo
694 604 802 725 motis)
822 626 914 689 haud
929 635 1077 789 §avale
1105 629 1148 692 ad

92 724 237 785 Poenum
256 730 426 799 venerunt,
447 725 535 803 capti
555 725 648 787 donis
662 725 742 787 lcum
761 726 848 788 bona
867 746 928 804 pac
965 728 1148 791 exercitum

91 843 149 902 per
161 824 233 884 finis
246 843 321 885 suos
334 830 463 902 praeter
476 822 696 887 Ruscinonem
710 825 869 903 oppidum
883 827 1146 891 transmiserunt.

41 946 83 994 25
134 923 173 983 In
192 923 207 983 Ι
211 924 323 985 taliam
342 924 472 985 interim
490 923 569 984 nihil
589 925 794 1003 ultraquam
814 925 974 988 Hiberum
992 928 1148 990 transisse

40 1022 330 1141 Hannibalem³
340 1042 359 1083 a
388 1023 636 1149 Massiliensium
665 1023 781 1139 legatis
810 1023 953 1086 Romam
982 1025 1167 1114 perlatum„

55 1129 169 1199 serat
196 1142 279 1198 cum,
304 1091 465 1200 perinde
461 1143 498 1184 ac
523 1143 549 1184 si
541 1092 751 1202 'Alpis1am
770 1125 950 1200 transisset,
976 1124 1038 1186 Boi
1063 1126 1148 1188 solli-

90 1223 198 1284 citatis
230 1222 422 1284 Insubribus
454 1203 652 1298 deiecerunt,
686 1243 744 1285 nec
777 1230 847 1286 tam
879 1223 921 1286 ob
954 1231 1082 1288 vete'res
1115 1226 1147 1286 in

89 1323 246 1401 populum
266 1304 481 1384 Romanum
474 1343 537 1384 iras
558 1343 658 1401 quam
678 1324 766 1402 quod
787 1343 891 1402 nuper
911 1323 996 1386 circa
1016 1324 1148 1387 Padum

89 1422 222 1531 Placqnt
212 1423 291 1525 iam
318 1422 576 1501 Cremonamque
606 1423 785 1485 colonias
777 1443 810 1483 111
840 1443 954 1502 agrum
969 1409 1148 1487 Gallicum

54 1490 256 1584 adeducias
273 1542 367 1609 aegre
390 1516 615 1617 patiebantur.
661 1523 780 1602 Itaque
808 1523 906 1585 armis
934 1530 1069 1602 repente
1096 1546 1147 1586 ar-

89 1628 160 1700 rept
163 1623 188 1682 is
207 1622 239 1681 in
257 1641 332 1682 eum
347 1614 458 1700 ipsum
458 1597 590 1700 ¹agrurn
609 1622 735 1700 impetu
752 1623 842 1685 facto
861 1629 994 1685 tantum
1012 1625 1147 1687 terroris

89 1742 125 1782 ac
152 1721 313 1803 tumultus
338 1721 495 1813 fecerunt,
523 1727 560 1782 ut
586 1741 652 1782 non
677 1729 785 1799 agrest
788 1723 814 1784 is
772 1722 937 1785 tmodo
963 1723 1146 1786 multitudo

88 1821 175 1883 sed
168 1821 228 1899 ipsi
253 1816 431 1920 triumuiri..
439 1820 591 1929 Romani,
617 1821 673 1899 qui
698 1821 740 1882 ad
764 1841 879 1900 agrum
903 1829 1063 1885 venerant
1087 1824 1146 1886 ad·

88 1918 306 1999 signandum,
291 1892 431 1981 diiiisi
439 1896 583 1981 Placent
560 1926 625 1981 trae
649 1920 819 1982 moenibus
844 1922 1007 1984 Mutinam
1033 1923 1146 1987 confu-

52 2021 201 2100 4gerint‚
178 2019 271 2082 tG
308 2020 482 2086 Lutatius
496 2019 530 2081 C
567 2013 721 2082 Servilius
756 2020 799 2081 M.
836 2021 972 2083 Annius
1029 2022 1095 2085 Lut
1082 2024 1146 2086 tati

87 2140 205 2182 nomen
236 2119 323 2181 haud
354 2119 491 2181 dubium
521 2126 586 2195 est;
629 2140 687 2197 pro
717 2119 826 2181 Annio
856 2120 1058 2201 Servilioque
1088 2123 1144 2185 Μ’.

87 2220 226 2282 Acilium
252 2226 285 2282 et
312 2219 346 2281 C.
376 2220 577 2281 Herennium
604 2219 727 2283 habent
755 2220 890 2299 quidam
917 2221 1061 2298 annales,
1090 2222 1145 2285 alii

51 2321 122 2382 3Ρ.
156 2319 340 2382 Cornelium
373 2319 508 2381 Asinam
541 2306 574 2381 et
607 2319 641 2381 G.
677 2320 845 2397 Papirium
878 2321 1057 2384 Masonem.
1104 2322 1145 2385 Id

87 2440 216 2500 quoque
241 2419 378 2481 dubium
403 2425 462 2494 est,
490 2420 587 2496 legati
614 2419 656 2480 ad
681 2418 959 2496 expostulandum
985 2422 1075 2483 missi
1101 2423 1144 2485 ad

87 2520 184 2580 Boios
206 2520 319 2581 violati
340 2519 416 2592 sint,
439 2538 482 2579 an
504 2519 536 2578 in
558 2519 747 2580 triumviros
769 2538 883 2596 agrum
905 2522 1063 2583 metantis
1084 2522 1145 2581 im-

51 2638 66 2682 6
87 2626 142 2698 pet
144 2638 182 2680 us
202 2619 244 2680 sit
264 2619 381 2680 factus.
427 2618 483 2678 Mu
486 2618 574 2679 tinae
595 2636 668 2679 cum
690 2617 876 2681 obsiderent
863 2624 926 2694 tur;
948 2625 982 2680 et
1001 2639 1080 2697 gens
1100 2621 1144 2682 ad

87 2717 381 2798 oppugnandarum
400 2717 602 2779 urbiumt
550 2724 602 2779 art
604 2737 637 2778 es
656 2717 755 2792 rudia,
776 2717 948 2796 pigerrima
966 2718 1081 2780 eadem
1101 2719 1154 2810 aq

87 2819 169 2880 milit
156 2819 239 2880 taria
262 2837 370 2895 opera
394 2794 570 2895 legniat
522 2824 570 2878 int
573 2823 626 2879 333
630 2817 655 2878 is
613 2816 840 2879 tadsideret
827 2818 973 2892 tmuris,
997 2785 1143 2880 similari

52 2937 65 2983 7
88 2925 239 2997 coeptum
263 2918 303 2980 de
326 2936 405 2994 pace
428 2917 490 2995 agi,
515 2916 709 2995 evocatique
732 2915 774 2977 ab
798 2915 967 2977 Gallorum
990 2917 1143 2996 principi-

87 3019 147 3080 bus
167 3018 265 3096 legati
286 3017 328 3079 ad
351 3016 547 3094 colloquium
568 3035 634 3076 non
656 3022 769 3078 contra
795 3015 844 3076 ius
870 3016 969 3077 modo
994 3017 1143 3094 gentium

87 3119 142 3181 sed
160 3118 283 3180 violata
300 3117 410 3190 etiam,
429 3135 513 3194 quae
530 3115 609 3177 data
627 3116 660 3175 in
678 3115 710 3177 id
728 3121 858 3193 tempus
875 3122 956 3190 erat,
974 3116 1038 3178 fide
1056 3136 1143 3178 com-

87 3217 341 3297 prehenduntur,
371 3215 566 3292 negantibus
595 3214 705 3289 Gallis,
735 3215 796 3275 nisi
825 3214 954 3276 obsides
982 3215 1044 3277 sibi
1071 3216 1142 3278 red·

52 3328 66 3372 8
87 3320 249 3391 derantur,
271 3337 325 3378 ecs
346 3316 543 3377 dimissuros
588 3314 670 3375 Cum
692 3313 770 3374 haec
791 3313 966 3391 delegatis
987 3315 1142 3379 nuntiata

86 3424 192 3480 essent
223 3423 256 3479 et
288 3416 415 3477 Mutina
445 3413 709 3493 praesidiumque
739 3413 772 3473 in
802 3414 945 3492 periculo
976 3419 1071 3490 esset,
1103 3415 1140 3477 L.

87 3518 225 3580 Manlius
256 3522 387 3594 praetor
417 3514 464 3574 ira
495 3532 649 3574 accensus
680 3512 819 3575 effusum
850 3533 967 3590 agmen
997 3513 1039 3575 ad
1070 3514 1142 3576 Mu·
