2496 3908
89 269 195 318 Cures.
212 265 252 326 16,
269 267 306 326 17,
323 264 374 330 18.]
590 257 676 310 LIVY
1115 248 1155 313 17

91 443 184 506 enim
215 441 296 502 mari
327 446 506 501 venturum
536 444 595 499 aut
625 457 663 500 ea
694 444 788 515 parte
818 435 892 498 belli
923 437 1156 499 dimicaturum
1196 488 1237 536 ὖ,

93 542 229 611 hostem
249 539 426 602 credebant
439 552 479 580 ÷
492 544 526 600 et
547 537 631 641 duae
651 536 822 598 Romanae
841 535 982 614 legiones
1003 557 1078 599 cum
1097 536 1158 598 sud
1170 516 1189 569 ¹⁵4

93 607 184 704 iheslo
197 620 361 718 i'dquitatu
384 644 417 700 et
440 598 706 747 quatt'krordiioim
730 635 860 697 milibus
883 636 1045 698 sociorum
1068 636 1157 715 pedi-

95 748 181 815 tum,
205 738 372 818 equitibus
394 736 481 799 mille
503 726 668 798 sescentis.
714 735 804 797 Duas
825 735 966 813 legiones
989 735 1157 798 Romanas
1177 749 1192 795 9

95 849 129 904 et
156 841 270 902 decern
295 837 383 898 milia
407 837 569 898 sociorum
594 835 753 914 peditum,
780 835 866 896 mille
891 836 1155 919 equites‚.sooios

96 945 263 1014 sescentos
299 937 466 999 Romanos
502 933 607 997 Gallia
643 934 810 1013 provincia
845 933 961 996 eodem
996 918 1157 997 iersa'in

98 1040 262 1102 Punicum
276 1036 398 1099 bellum
414 1034 541 1097 habuit.
1161 1083 1221 1145 J<

141 1139 203 1199 His
224 1137 277 1227 ita
305 1135 511 1214 comparatis
532 1141 577 1219 ut
603 1135 713 1196 omnia
739 1135 826 1196 iusta
852 1141 929 1197 ante
954 1133 1077 1197 bellum
1102 1135 1156 1197 fie-
1168 1150 1208 1199 18

98 1245 183 1313 rent,
214 1235 339 1314 legatos
369 1235 506 1297 maiores
535 1241 618 1296 natu
647 1235 685 1310 Q.
716 1234 857 1320 Fabium
885 1234 928 1296 M.
960 1235 1091 1296 Livium
1120 1235 1156 1296 L.

98 1336 277 1400 Aemilium
300 1335 334 1398 C.
361 1335 521 1396 Licinium
544 1334 583 1410 Q.
610 1333 769 1395 Baebium
793 1334 826 1394 in
851 1333 996 1396 Africam
1019 1335 1159 1397 mittunt

99 1439 142 1500 ad
155 1434 419 1516 percunctandos
431 1432 723 1511 Carthaginienses
738 1433 910 1511 publicone
924 1433 1055 1496 oonsilio
1069 1435 1160 1496 Han-

99 1535 190 1598 nibal
210 1536 395 1613 Saguntum
414 1539 645 1612 oppugnasset,
665 1534 753 1607 etsi,
773 1532 807 1594 id
826 1519 1051 1615 quodfacturi
1071 1534 1160 1597 vide-
1180 1549 1195 1593 2

100 1637 234 1709 bantur,
250 1635 435 1696 faterentur
448 1653 485 1694 ao
501 1627 713 1720 defenderent
727 1632 859 1714 publico
875 1633 1007 1696 consilio
1022 1635 1159 1710 factum,

101 1743 139 1799 ut
174 1735 355 1796 indicerent
392 1732 513 1811 populo
547 1716 806 1809 Carthaginiensi
842 1732 973 1814 bellum.
1019 1733 1196 1796 Romania

102 1842 281 1915 postquam
314 1821 547 1910 Carthaginem
581 1837 752 1906 venerunt,
788 1851 862 1893 cum
896 1816 1029 1895 senatus
1064 1833 1161 1896 datus

100 1941 186 1999 esset
198 1941 232 1996 et
245 1934 283 2008 Q.
298 1932 419 1993 Fabius
431 1930 510 1992 nihil
524 1930 610 1994 ultra
623 1951 724 2009 quarn
736 1950 849 2006 unum,
864 1932 953 2010 quod
966 1932 1162 1996 mandatum

101 2042 182 2111 erat,
200 2038 435 2113 percunctatus
454 2037 549 2106 esset,
567 2037 640 2093 tum
659 2051 701 2092 ex
720 2030 1041 2109 Carthaginiensibus
1061 2054 1162 2096 unus:

101 2136 279 2212 ‘Praeceps
296 2138 415 2239 vestra,
433 2130 585 2205 Romani,
602 2112 636 2192 et
653 2131 739 2208 prior
754 2131 873 2208 legatio
889 2131 962 2207 fuit,
981 2153 1055 2194 cum
1072 2135 1162 2195 Han·
1182 2154 1197 2198 4

102 2233 247 2297 nibalem
271 2195 444 2311 toiriqdam
467 2250 526 2293 suo
551 2230 683 2292 oonsilio
707 2231 891 2308 Saguntum
915 2240 1175 2311 oppugnantem
1232 2274 1243 2296 ,.

104 2332 348 2413 deposcebatis;
385 2337 529 2393 ceterum
551 2329 632 2392 haec
656 2329 775 2408 legatio
790 2331 907 2393 -verbis
931 2331 1038 2394 adhuc
1061 2322 1186 2396 lenior*

103 2441 163 2509 est,
187 2452 221 2496 re
244 2431 396 2510 asperior.
441 2430 533 2492 Tune
555 2431 643 2493 enim
666 2430 832 2492 Hannibal
855 2437 888 2493 et
910 2432 1197 2496 insimulabaturs
1244 2414 1247 2423 Ι

103 2540 137 2597 et
170 2530 436 2611 deposcebaturg-
469 2549 557 2592 nunc
590 2529 632 2591 ab
654 2529 758 2592 nobis
791 2538 824 2592 et
858 2531 1016 2595 confessio
1049 2533 1163 2611 culpae

104 2633 301 2712 exprimitur
327 2605 475 2728 etQ-lida
504 2600 669 2692 confessisi
687 2650 735 2692 res
763 2630 930 2709 externplo
958 2638 1161 2711 repetuntur.

106 2734 175 2812 Ego
207 2737 321 2794 autern
351 2750 417 2793 non
434 2723 783 2808 ‘'plicatis'''publieone
816 2728 947 2792 consilio
979 2733 1198 2809 Saguntumo

64 2820 67 2828 Α
105 2837 336 2912 oppugnatum
362 2832 405 2915 sit
432 2830 657 2909 quaerendum
685 2850 843 2905 censeam,
864 2831 929 2909 sed
956 2839 1069 2894 utrum
1095 2834 1163 2896 iure

105 2952 147 2994 an
172 2931 301 2993 iniuria.
342 2920 358 2965 1
378 2936 467 2999 ostra
492 2931 580 3020 enim
604 2928 684 2992 haec
711 2931 860 3008 quaestio
886 2937 986 3011 atque
1017 2933 1197 3000 animadr

106 3033 211 3096 versio
232 3032 265 3092 in
287 3031 391 3094 civem
410 3037 561 3093 nostrum
573 3015 640 3104 est,
662 3030 742 3108 quid
761 3037 874 3092 nostro
895 3038 953 3093 aut
973 3051 1032 3094 suo
1051 3033 1164 3096 fecerit

106 3132 258 3207 arbitrio;
300 3130 470 3194 vobiscum
499 3149 565 3192 una
595 3129 790 3208 disceptatio
819 3138 879 3206 est,
910 3119 1078 3195 licueritne
1108 3153 1165 3212 per

105 3233 221 3296 foedus
242 3231 320 3295 fieri.
366 3231 495 3309 Itaque,
518 3229 674 3308 quoniam
695 3229 832 3292 discerni
854 3230 961 3309 placet
982 3233 1062 3312 quid
1083 3234 1164 3312 pub·
1185 3255 1200 3301 8

106 3333 167 3396 lico
190 3331 334 3406 oonsili0,
358 3330 438 3410 quid
459 3350 518 3392 sua
540 3335 657 3408 sponte
679 3329 891 3408 imperatores
912 3332 1048 3408 faciant,
1071 3334 1165 3396 nobis

107 3432 278 3495 vobiscum
298 3430 413 3492 foedus
434 3436 484 3492 est
505 3449 524 3490 a
544 3429 578 3491 C.
602 3429 737 3490 Lutatio
759 3430 889 3492 consule
910 3432 1023 3507 ictum,
1045 3433 1078 3494 in
1099 3453 1165 3512 quo

107 3552 182 3596 cum
204 3537 377 3594 caveretur
396 3536 612 3607 utrorumque
632 3527 736 3602 sociis
760 3528 838 3589 nihil
862 3529 901 3591 de
922 3531 1111 3608 Saguntinis
1124 3569 1165 3576 —

271 3643 287 3678 c
1171 3662 1202 3682 -fl
