2496 3908
130 220 173 285 46
612 232 702 282 mvr
1003 235 1178 302 [Booxxxi

131 409 221 488 parci
236 427 336 489 quam
352 409 495 471 maxime
510 407 601 471 iubet
616 409 866 489 principumque
881 410 1009 473 animos
1025 411 1070 474 ad
1085 412 1180 475 defec-

132 509 256 570 tionem
285 507 461 570 sollicitari.
506 509 610 570 Ponte
640 509 785 588 perfecto
815 509 988 573 traductus
1018 511 1181 575 Romanus

132 609 293 671 exercitus
323 609 357 669 in
387 627 502 688 agrum
532 609 722 670 Insubrium
743 609 888 689 quinque
918 610 1010 673 milia
1032 630 1181 691 passuum
1221 686 1223 697 Ι

96 729 152 774 oa
182 708 378 771 Victumulis
408 708 563 771 consedit.
609 708 660 770 Ibi
691 709 857 771 Hannibal
889 717 997 773 castra
1028 711 1182 789 habebat;

132 815 351 889 revocatoque
382 828 518 888 propere
550 808 739 872 Maharbale
770 815 872 890 atque
903 810 1082 890 equitibus,
1117 832 1183 876 cum

132 910 254 972 instare
283 915 446 972 certamen
475 915 629 984 comeret,
659 908 738 970 nihil
766 928 926 989 umquam
954 911 1035 974 satis
1064 911 1183 976 dictum

132 1010 439 1089 praemonitumque
467 1008 509 1070 ad
538 1008 756 1071 cohortandos
783 985 904 1073 milites
931 1016 1034 1086 ratus,
1063 1013 1183 1075 vocatis

132 1108 175 1171 ad
195 1109 381 1171 contionem
401 1114 489 1170 certa
507 1109 652 1187 praemia
671 1109 865 1187 pronuntiat
884 1109 918 1170 in
937 1129 1084 1189 quorum·
1100 1130 1183 1191 spem

96 1215 332 1288 spugnarent:
372 1228 486 1286 agrum
514 1227 582 1269 sese
611 1207 766 1270 daturum
794 1228 863 1271 esse
891 1209 924 1269 in
952 1209 1052 1272 Italia
1081 1211 1184 1272 Africa

133 1308 303 1387 Hispania,
325 1307 382 1369 ubi
403 1308 542 1387 quisque
563 1306 653 1382 velit,
676 1308 855 1370 immunem
877 1308 947 1387 ipsi,
970 1309 1028 1389 qui
1049 1311 1184 1391 accepis

132 1415 191 1484 set,
221 1408 394 1486 liberisque
401 1428 409 1484 ;
451 1407 507 1486 qui
535 1407 709 1486 pecuniam
737 1427 838 1486 quam
866 1427 981 1487 agrum
1009 1409 1184 1485 maluisset,

96 1538 112 1583 6
132 1509 161 1570 ei
181 1528 215 1569 se
235 1514 371 1586 argento
391 1507 654 1583 satisfacturum;
687 1507 743 1586 qui
764 1508 926 1568 sociorum
947 1509 1034 1570 cives
1054 1509 1185 1572 Cartha-

132 1609 291 1687 ginienses
313 1606 381 1668 fieri
403 1605 534 1682 vellent,
558 1613 758 1684 potestatem
779 1606 962 1683 facturum;
995 1608 1054 1687 qui
1076 1609 1186 1672 domos

133 1707 235 1770 redire
266 1705 411 1781 mallent,
442 1706 598 1768 daturum
627 1726 661 1768 se
691 1725 834 1785 operam,
865 1726 905 1768 ne
936 1707 1027 1769 cuius
1057 1727 1187 1771 suorum

96 1827 112 1875 r
133 1807 340 1886 popularium
359 1813 523 1868 mutatam
541 1825 651 1867 secum
669 1806 837 1868 fortunam
855 1825 924 1868 esse
942 1805 1075 1870 vellent.
1122 1809 1187 1872 Ser·

133 1908 183 1968 vis
201 1908 331 1986 quoquc
350 1905 499 1967 dominos
517 1906 697 1984 prosecutis
709 1905 895 1968 libertatem
913 1906 1079 1984 proponit,
1100 1907 1187 1970 bina·

97 2023 196 2087 aque
217 2027 276 2085 pro
298 2007 335 2067 iis
356 2006 519 2083 mancipia
540 2005 680 2066 dominis
701 2024 735 2066 se
751 2005 971 2067 redditurum.
1016 2006 1134 2086 anue
1153 2012 1188 2069 ut

134 2113 206 2168 rata
238 2106 356 2167 scirent
387 2105 466 2180 fore,
499 2124 620 2183 agnum
651 2103 745 2166 laeva
776 2125 887 2180 manu,
920 2105 1036 2167 dextra
1069 2106 1188 2170 silicem

134 2207 286 2281 retinens,
319 2205 346 2267 si
378 2205 515 2280 falleret,
549 2205 663 2267 Iovem
696 2211 884 2283 ceterosque
916 2212 1069 2284 precatus
1102 2206 1188 2282 deos,

134 2307 181 2369 ita
204 2326 237 2368 se
261 2311 444 2367 mactarent
467 2324 566 2384 quem
589 2305 631 2366 ad
655 2303 791 2365 modum
814 2305 882 2383 ipse
904 2324 1026 2383 agnum
1050 2312 1189 2368 mactas·

134 2414 194 2481 set,
226 2405 405 2468 secundum
435 2405 657 2483 precationem
689 2410 788 2482 caput
819 2403 952 2483 pecudis
982 2424 1063 2466 saxo
1094 2405 1188 2468 elisit.

99 2506 219 2569 oTum
245 2525 322 2567 vero
349 2523 471 2579 omnes
500 2503 590 2565 velut
617 2503 678 2564 diis
704 2503 893 2565 auctoribus
919 2504 952 2564 in
978 2523 1071 2582 spem
1097 2523 1190 2566 suam

135 2606 272 2684 quisque
302 2604 454 2682 acceptis,
486 2603 518 2664 id
549 2623 668 2678 morae,
699 2603 788 2681 quod
818 2603 965 2664 nondum
994 2610 1189 2682 pugnarent,

136 2705 177 2767 ad
203 2704 359 2783 potienda
385 2710 515 2782 sperata
542 2704 614 2779 rati,
641 2703 800 2781 proelium
825 2722 891 2764 uno
917 2703 1026 2764 animo
1051 2709 1086 2765 et
1112 2723 1191 2766 voce

137 2825 202 2867 una
218 2811 367 2882 poscunt.

85 2923 128 2971 46
179 2905 276 2983 Apud
310 2905 476 2966 Romanos
508 2904 765 2984 haudquaquam
798 2909 893 2966 tanta
925 2903 1077 2965 alacritas
1109 2909 1189 2978 erat,

100 3025 115 3069 a
137 3025 234 3084 super
257 3012 362 3067 cetera
385 3004 568 3067 recentibus
590 3005 691 3065 etiam
714 3004 844 3066 territos
858 3003 1028 3081 prodigiis·
1062 3023 1141 3063 nam
1158 3008 1191 3065 et

136 3105 232 3184 lupus
259 3105 440 3167 intraverat
467 3111 573 3165 castra
599 3103 795 3182 laniatisque
822 3102 927 3163 obviis
953 3103 1020 3180 ipse
1046 3101 1191 3165 intactus

135 3212 295 3279 evaserat,
314 3212 347 3267 et
364 3224 502 3267 examen
519 3223 620 3282 apum
637 3204 669 3262 in
687 3202 802 3264 arbore
819 3203 982 3280 praetorio
1000 3202 1191 3264 imminente

98 3322 113 3367 3
137 3305 336 3368 consederat.
382 3304 508 3379 Quibus
524 3303 705 3381 procuratis
722 3302 829 3380 Scipio
847 3320 919 3362 curn
936 3302 1087 3379 equitatu
1105 3301 1191 3362 iacu-

136 3404 360 3482 latoribusque
388 3403 549 3481 expeditis
577 3402 743 3480 profectus
771 3400 813 3462 ad
843 3406 949 3461 castra
978 3399 1123 3461 hostium
1151 3419 1192 3463 ex

136 3505 319 3583 propinquo
350 3503 533 3581 copiasque,
564 3506 708 3580 quantae
736 3506 770 3562 et
800 3500 890 3561 cuius
919 3500 1042 3577 generis
1072 3505 1189 3574 essent,
