2496 3908
485 862 622 924 LIBER
651 863 755 925 XXII

525 1047 593 1121 1-7,
624 1049 726 1108 39-52

132 1229 207 1293 Iam
243 1249 302 1294 ver
336 1228 531 1308 adpetebat;
580 1229 692 1309 itaque
729 1230 895 1292 Hannibal
931 1253 973 1294 ex
1007 1233 1183 1300 hibernisl

90 1331 208 1406 movit,
231 1335 266 1392 et
287 1330 489 1409 nequiquam
511 1336 588 1392 ante
611 1336 748 1392 conatus
770 1332 999 1396 transcendere
1020 1333 1151 1413 Appen-

90 1431 208 1492 ninum
238 1429 452 1492 intolerandis
482 1428 656 1506 frigoribus
686 1436 719 1492 et
751 1450 825 1492 cum
855 1431 978 1509 ingenti
1009 1434 1150 1512 periculo

90 1535 241 1592 moratus
259 1549 298 1591 ac
316 1536 417 1592 metu.
462 1528 557 1604 Galli,
577 1549 659 1608 quos
677 1530 817 1608 praedae
836 1532 1151 1613 populationumque
1171 1555 1186 1599 a

92 1630 282 1692 conciverat
300 1649 384 1707 spes,
405 1634 583 1708 postquam
609 1649 667 1706 pro
686 1650 724 1691 eo
744 1636 782 1691 ut
809 1630 870 1708 ipsi
889 1652 930 1694 ex
950 1632 1054 1695 alieno
1074 1653 1151 1712 agro

91 1735 246 1808 raperent
275 1735 484 1807 agerentque,
511 1747 587 1789 suas
617 1735 720 1790 terras
749 1730 859 1791 sedern
880 1730 954 1793 belli
984 1752 1052 1795 esse
1081 1754 1151 1812 pre-

91 1829 204 1908 mique
229 1827 401 1907 utriusque
427 1827 530 1906 partis
555 1828 759 1890 exercituum
781 1828 924 1892 hibernis
945 1832 1064 1909 videre,
1081 1854 1151 1896 ver-

91 1933 207 1991 terunt
223 1934 310 1991 retro
326 1927 358 1987 in
376 1926 597 1989 Hannibalem
613 1927 655 1988 ab
670 1927 829 1989 Romanis
844 1930 935 2006 odia;
964 1932 1151 2012 petitusque
1171 1955 1186 1999 3

91 2047 191 2106 saepe
210 2026 396 2106 principum
415 2026 550 2102 insidiis,
571 2027 716 2107 ipsorum
735 2027 821 2091 inter
839 2049 872 2091 se
891 2030 1016 2107 fraude,
1037 2033 1152 2095 eadem

91 2127 241 2202 levitate,
266 2146 332 2206 qua
356 2133 596 2201 consenserant,
622 2147 815 2190 consensum
838 2129 1064 2207 indicantium,
1088 2152 1152 2195 ser-

92 2234 193 2290 vatus
221 2233 292 2290 erat
320 2232 354 2288 et
384 2226 545 2288 mutando
574 2245 661 2288 nunc
691 2235 817 2289 vestem
845 2248 932 2290 nune
961 2237 1152 2308 tegumenta

93 2326 211 2406 capitis
232 2345 338 2388 errore
359 2325 461 2388 etiarn
482 2345 551 2388 sese
572 2325 613 2388 ab
636 2326 760 2387 insidiis
782 2328 955 2391 munierat.
1000 2330 1152 2393 Ceterum
1171 2356 1186 2401 4

93 2426 144 2489 hic
173 2445 306 2506 quoque
333 2426 362 2488 ei
392 2425 491 2488 timor
520 2445 618 2487 causa
645 2425 710 2489 fuit
740 2428 901 2490 maturius
930 2431 1083 2492 movendi
1111 2432 1153 2493 ex

93 2525 247 2588 hibernis.

137 2627 199 2689 Per
224 2625 310 2688 idem
336 2631 467 2704 tempus
492 2626 550 2688 Cn.
577 2625 731 2689 Servilius
758 2628 868 2690 consul
894 2629 1020 2693 Romae
1044 2630 1152 2694 idibus

95 2725 222 2788 Martiis
242 2725 474 2804 magistratum
493 2725 576 2789 iniit.
622 2726 672 2788 Ibi
694 2747 768 2789 cum
787 2728 827 2791 de
847 2749 880 2791 re
900 2731 1030 2808 publica
1050 2738 1186 2800 rectu-5

94 2826 193 2900 lisset,
222 2824 445 2902 redintegrata
470 2825 503 2886 in
530 2825 564 2887 C.
593 2825 791 2888 Flaminium
817 2827 941 2891 invidia
966 2836 1033 2893 est:
1070 2832 1152 2893 duos

95 2945 127 2988 se
146 2924 293 2987 consules
313 2945 446 3001 creasse,
469 2945 572 2987 unum
590 2925 725 3002 habere;
750 2928 839 3007 quod
856 2929 943 2990 enim
968 2930 1013 2992 illi
1030 2931 1152 2995 iustum

95 3025 279 3104 imperium,
321 3025 410 3104 quod
451 3025 634 3103 auspicium
673 3028 765 3087 esse?
819 3027 1033 3105 Magistratus
1065 3031 1100 3094 id
1132 3052 1186 3101 aa

95 3125 203 3200 dom0,
220 3124 358 3203 publicis
381 3125 583 3204 privatisque
604 3125 789 3204 penatibus,
807 3128 932 3190 Latinis
950 3130 1037 3192 feriis
1059 3132 1150 3210 actis,
1212 3184 1215 3188 Δ

95 3225 251 3287 sacrificio
268 3224 302 3285 in
320 3232 430 3288 monte
447 3225 602 3304 perfecto,
620 3225 707 3288 votis
724 3226 784 3288 rite
801 3227 834 3287 in
850 3228 1011 3307 Capitolio
1027 3251 1152 3295 nuncu-

96 3326 181 3404 patis
199 3344 312 3388 secum
329 3325 427 3401 ferre;
458 3345 516 3387 nec
536 3326 704 3403 privatum
722 3328 867 3405 auspicia
886 3331 987 3409 sequi,
1007 3351 1065 3394 nec
1084 3333 1152 3396 sine
1172 3356 1185 3401 γ

97 3425 247 3504 auspiciis
263 3424 448 3503 profectum
465 3425 498 3485 in
515 3432 650 3486 externo
666 3444 704 3486 ea
721 3425 789 3486 solo
806 3446 892 3488 nova
909 3437 1009 3509 atque
1026 3432 1151 3511 integra

632 3525 663 3572 67
