2496 3908
86 225 376 298 1111111111]
573 232 662 282 mur
1106 222 1148 285 45

87 410 241 472 stimulat
260 409 387 470 animos
406 407 498 470 dolor
515 408 632 470 iniuria
650 408 838 486 indignitas,
883 409 935 472 Ad
953 409 1148 488 supplicium

88 511 354 587 depoposcerunt
386 528 437 569 me
468 507 585 569 ducem
616 509 768 586 primum,
800 508 917 571 deinde
948 529 1006 570 vos
1037 529 1149 571 omnes

88 609 147 688 qui
175 608 361 684 Saguntum
388 608 653 685 oppugnassetis;
693 607 821 669 deditos
849 608 972 669 ultimis
1001 609 1158 695 cruciati-¹

87 707 152 770 bus
191 706 352 769 adfecturi
389 706 533 768 fuerunt.
577 707 806 769 Crudelissima
844 728 881 768 ac
918 708 1183 787 superbissimas

88 828 170 886 gens
194 826 253 868 sua
277 806 387 868 omnia
410 806 526 884 suique
549 806 675 867 arbitrii
699 806 789 866 facit.
834 808 917 869 Cum
941 808 1059 886 quibus
1083 808 1149 870 bel-

89 908 171 982 lum,
194 927 269 968 cum
289 905 408 984 quibus
428 926 543 984 pacem
562 905 752 981 habeamus,
774 925 808 967 se
833 905 964 967 modum
989 905 1152 982 imponere

72 1026 236 1086 aequum
262 987 390 1068 censet'
425 1005 667 1067 Circumscribit
692 1004 894 1084 includitque
919 1025 978 1067 nos
1003 1007 1149 1068 terminis

89 1107 257 1169 montium
277 1105 524 1184 fluminumque,
545 1124 627 1184 quos
647 1124 712 1166 non
731 1104 938 1180 excedamus
958 1125 1064 1185 neque
1083 1127 1147 1181 101,

89 1226 175 1286 quos
185 1205 479 1280 statuit,terminos
489 1204 653 1267 observat.
707 1204 784 1266 “Ne
794 1205 960 1266 transieris
971 1205 1147 1268 Hiberum!
1169 1218 1184 1261 u

90 1307 141 1369 Ne
163 1305 244 1385 quid
268 1305 312 1367 rei
328 1305 388 1366 tibi
409 1305 452 1366 sit
474 1324 548 1365 cum
573 1304 811 1382 Saguntinis!'’
871 1305 914 1367 At
940 1304 1077 1367 liberum
1099 1312 1149 1368 est
1239 1362 1242 1369 ,

89 1408 289 1484 Saguntum.
345 1404 548 1483 “Nusquam
573 1411 606 1466 te
628 1405 765 1481 vestigio
791 1405 978 1466 moverisl”
1028 1405 1149 1467 Parum
1169 1415 1183 1460 7

89 1514 142 1570 est
167 1506 257 1585 quod
280 1504 471 1568 veterrimas
494 1505 678 1583 provincias
702 1524 791 1566 meas
814 1505 957 1566 Siciliam
980 1526 1018 1567 ac
1042 1506 1150 1568 Sardi-

91 1607 184 1668 niam
215 1603 389 1667 ademisti?
432 1603 548 1666 adimis
579 1605 679 1666 etiam
712 1604 911 1682 Hispanias?
953 1613 986 1668 et
1018 1606 1092 1668 inde
1124 1608 1149 1667 11

91 1707 271 1779 decessero,
293 1706 325 1766 in
345 1704 490 1765 Africam
510 1704 729 1765 transcendes
774 1704 995 1767 Transcendes
1016 1709 1149 1769 autem?

91 1804 344 1867 Transcendisse
373 1803 455 1865 dico.
502 1803 592 1864 Duos
625 1803 770 1865 consules
803 1803 898 1865 huius
931 1806 1017 1881 anni,
1048 1826 1150 1868 unum

91 1906 126 1966 in
150 1904 305 1979 Africam,
328 1902 468 1965 alterum
499 1903 532 1963 in
555 1903 749 1980 Hispaniam
775 1904 943 1967 miserunt.
990 1905 1075 1966 Nihil
1099 1926 1149 1968 us·

91 2023 196 2084 quam
221 2003 314 2064 nobis
339 2001 488 2064 relictum
513 2009 572 2077 est,
592 2003 652 2063 nisi
678 2002 766 2080 quod
791 2004 890 2065 armis
907 2004 1147 2067 vindicarimus

92 2103 164 2166 Illis
187 2101 311 2163 timidis
333 2109 366 2164 et
390 2102 516 2180 ignavis
539 2121 607 2162 esse
631 2101 705 2162 licet
729 2102 785 2180 qui
809 2110 992 2180 respectum
1016 2104 1184 2181 habenta

91 2222 178 2283 quos
196 2222 255 2264 sua
274 2208 360 2264 terra
379 2220 457 2262 suus
476 2221 552 2279 ager
569 2220 627 2279 per
645 2207 719 2262 tuta
739 2221 776 2262 ao
795 2209 914 2279 pacata
934 2203 1049 2264 itinera
1068 2204 1149 2283 fugi-

90 2311 187 2366 entes
209 2301 385 2379 accipient:
419 2300 512 2361 vobis
533 2290 662 2362 necesse
684 2307 733 2361 est
755 2300 895 2362 fortibus
918 2303 994 2363 viris
1016 2324 1084 2365 1111
1105 2310 1147 2380 11,

91 2401 247 2465 omnibus
272 2401 357 2463 inter
382 2400 554 2461 victoriam
580 2406 785 2479 mortemque
812 2407 899 2462 certa
926 2401 1150 2480 desperatione

91 2501 255 2580 abruptis,
277 2507 335 2562 aut
356 2500 484 2561 vincere
504 2505 573 2574 aut,
590 2500 616 2559 si
631 2498 765 2561 fortuna
787 2500 963 2576 dubitabit,
981 2502 1014 2561 in
1029 2504 1150 2580 proelio

91 2601 206 2680 potius
235 2619 335 2679 quam
366 2600 399 2660 in
428 2599 506 2677 fuga
536 2605 676 2660 mortem
706 2607 869 2678 oppetere.
915 2601 947 2662 si
979 2601 1038 2663 hoc
1069 2603 1185 2671 benes

91 2702 198 2762 fixum
220 2700 371 2761 omnibus
392 2699 659 2776 destinatumque
680 2699 789 2759 animo
810 2707 870 2775 est,
893 2701 1010 2762 iterum
1032 2702 1148 2778 dicam,

93 2800 236 2862 vicistis:
269 2799 394 2860 nullum
417 2804 609 2876 contemptu
630 2799 744 2859 mortis
766 2798 868 2860 telum
890 2799 932 2861 ad
954 2801 1149 2864 vincendum

93 2899 220 2962 homini
242 2899 284 2960 ab
300 2898 349 2960 dis
364 2898 604 2959 immortalibus
619 2898 724 2959 acrius
740 2897 856 2960 datum
872 2903 942 2962 est'

137 3000 198 3061 His
226 2998 512 3060 adhortationibus
540 3017 613 3058 cum
641 2998 806 3076 utrimque
834 3000 876 3061 ad
906 3008 1068 3064 certamen
1096 3024 1147 3066 ac·
1156 3021 1198 3069 45
1238 3040 1243 3081 ‚

95 3100 182 3162 censi
218 3099 360 3159 militum
396 3098 496 3159 animi
532 3103 649 3171 essent,
687 3097 828 3159 Romani
865 3107 965 3177 ponte
1000 3101 1148 3164 Ticinum

95 3200 236 3278 iungunt
264 3198 461 3276 tutandique
488 3203 569 3275 pont
572 3197 597 3257 is
633 3217 730 3259 causa
751 3206 821 3260 cast
808 3199 949 3261 etllum
941 3206 1151 3276 1111111111-

94 3306 224 3378 ponunt
232 3320 240 3375 ;
280 3299 408 3360 Poenus
435 3297 584 3358 hostibus
611 3316 706 3374 opere
733 3298 901 3373 occupatis
928 3297 1185 3360 Maharbalema

96 3418 169 3461 cum
195 3399 248 3460 ala
274 3392 501 3471 Numidarum,
527 3396 692 3475 equitibus
717 3395 913 3472 quingentis,
940 3397 982 3508 ad
1007 3397 1150 3477 depopu-

95 3498 210 3584 landos
244 3497 405 3560 sociorum
438 3496 549 3575 populi
584 3495 724 3557 Romani
759 3513 852 3570 agros
886 3497 973 3558 mitti
976 3497 1186 3560 tGallisa
