<?xml version="1.0" encoding="UTF-8"?>
<!DOCTYPE html PUBLIC "-//W3C//DTD XHTML 1.0 Transitional//EN"
    "http://www.w3.org/TR/xhtml1/DTD/xhtml1-transitional.dtd">
<html xmlns="http://www.w3.org/1999/xhtml" xml:lang="en" lang="en">
 <head>
  <title>
</title>
<meta http-equiv="Content-Type" content="text/html;charset=utf-8" />
  <meta name='ocr-system' content='tesseract 3.04.00' />
  <meta name='ocr-capabilities' content='ocr_page ocr_carea ocr_par ocr_line ocrx_word'/>
</head>
<body>
  <div class='ocr_page' id='page_1' title='image "./livysecondpunic00livygoog_0164.png"; bbox 0 0 2496 3908; ppageno 0'>
   <div class='ocr_carea' id='block_1_1' title="bbox 93 217 1151 329">
    <p class='ocr_par' dir='ltr' id='par_1_1' title="bbox 93 217 1151 329">
     <span class='ocr_line' id='line_1_1' title="bbox 93 217 1151 329; baseline 0.001 -14"><span class='ocrx_word' id='word_1_1' title='bbox 93 217 318 329; x_wconf 55' lang='lat' dir='ltr'>casmenas]</span> <span class='ocrx_word' id='word_1_2' title='bbox 581 262 669 311; x_wconf 75' lang='lat' dir='ltr'>crvx</span> <span class='ocrx_word' id='word_1_3' title='bbox 1090 251 1151 317; x_wconf 77' lang='lat'>137</span> 
     </span>
    </p>
   </div>
   <div class='ocr_carea' id='block_1_2' title="bbox 52 439 1198 3620">
    <p class='ocr_par' dir='ltr' id='par_1_2' title="bbox 52 439 1198 2902">
     <span class='ocr_line' id='line_1_2' title="bbox 52 439 1152 523; baseline 0.007 -26"><span class='ocrx_word' id='word_1_4' title='bbox 52 490 56 497; x_wconf 93' lang='lat'><em>.</em></span> <span class='ocrx_word' id='word_1_5' title='bbox 92 440 288 519; x_wconf 86' lang='lat' dir='ltr'>laevamque</span> <span class='ocrx_word' id='word_1_6' title='bbox 303 439 451 502; x_wconf 82' lang='lat' dir='ltr'><strong>discursu</strong></span> <span class='ocrx_word' id='word_1_7' title='bbox 466 439 669 519; x_wconf 85' lang='lat' dir='ltr'>applicantes</span> <span class='ocrx_word' id='word_1_8' title='bbox 683 459 717 502; x_wconf 90' lang='lat' dir='ltr'>se</span> <span class='ocrx_word' id='word_1_9' title='bbox 732 440 954 519; x_wconf 80' lang='lat' dir='ltr'>antesignanis</span> <span class='ocrx_word' id='word_1_10' title='bbox 970 441 1069 519; x_wconf 90' lang='lat' dir='ltr'>viam,</span> <span class='ocrx_word' id='word_1_11' title='bbox 1086 463 1152 523; x_wconf 94' lang='lat' dir='ltr'>qua</span> 
     </span>
     <span class='ocr_line' id='line_1_3' title="bbox 94 539 1187 619; baseline -0.003 -16"><span class='ocrx_word' id='word_1_12' title='bbox 94 541 252 603; x_wconf 91' lang='lat' dir='ltr'>irruerent</span> <span class='ocrx_word' id='word_1_13' title='bbox 279 540 312 601; x_wconf 92' lang='lat' dir='ltr'>in</span> <span class='ocrx_word' id='word_1_14' title='bbox 338 539 495 619; x_wconf 81' lang='lat' dir='ltr'>ancipitia</span> <span class='ocrx_word' id='word_1_15' title='bbox 515 540 591 616; x_wconf 90' lang='lat' dir='ltr'>tela,</span> <span class='ocrx_word' id='word_1_16' title='bbox 612 539 715 602; x_wconf 91' lang='lat' dir='ltr'>beluis</span> <span class='ocrx_word' id='word_1_17' title='bbox 736 540 862 602; x_wconf 90' lang='lat' dir='ltr'>darent.</span> <span class='ocrx_word' id='word_1_18' title='bbox 923 541 1089 605; x_wconf 88' lang='lat' dir='ltr'>Hannibal</span> <span class='ocrx_word' id='word_1_19' title='bbox 1109 543 1153 606; x_wconf 91' lang='lat' dir='ltr'>ad</span> <span class='ocrx_word' id='word_1_20' title='bbox 1172 556 1187 600; x_wconf 87' lang='lat'>4</span> 
     </span>
     <span class='ocr_line' id='line_1_4' title="bbox 93 638 1150 720; baseline 0.004 -17"><span class='ocrx_word' id='word_1_21' title='bbox 93 647 247 703; x_wconf 90' lang='lat' dir='ltr'>terrorem</span> <span class='ocrx_word' id='word_1_22' title='bbox 285 639 405 719; x_wconf 92' lang='lat' dir='ltr'>primos</span> <span class='ocrx_word' id='word_1_23' title='bbox 442 638 856 719; x_wconf 87' lang='lat' dir='ltr'>elephantos—octoginta</span> <span class='ocrx_word' id='word_1_24' title='bbox 898 649 1008 704; x_wconf 89' lang='lat' dir='ltr'>autem</span> <span class='ocrx_word' id='word_1_25' title='bbox 1048 651 1150 720; x_wconf 87' lang='lat' dir='ltr'>erant,</span> 
     </span>
     <span class='ocr_line' id='line_1_5' title="bbox 93 739 1151 821; baseline 0.005 -19"><span class='ocrx_word' id='word_1_26' title='bbox 93 746 176 820; x_wconf 90' lang='lat' dir='ltr'>quot</span> <span class='ocrx_word' id='word_1_27' title='bbox 201 739 291 801; x_wconf 91' lang='lat' dir='ltr'>nulla</span> <span class='ocrx_word' id='word_1_28' title='bbox 316 759 475 818; x_wconf 92' lang='lat' dir='ltr'>umquam</span> <span class='ocrx_word' id='word_1_29' title='bbox 500 739 533 799; x_wconf 92' lang='lat' dir='ltr'>in</span> <span class='ocrx_word' id='word_1_30' title='bbox 559 740 627 801; x_wconf 89' lang='lat' dir='ltr'>acie</span> <span class='ocrx_word' id='word_1_31' title='bbox 652 746 730 802; x_wconf 92' lang='lat' dir='ltr'>ante</span> <span class='ocrx_word' id='word_1_32' title='bbox 756 739 917 804; x_wconf 87' lang='lat' dir='ltr'>habuerat</span> <span class='ocrx_word' id='word_1_33' title='bbox 931 777 972 786; x_wconf 92' lang='lat'><em>-</em></span> <span class='ocrx_word' id='word_1_34' title='bbox 985 744 1151 821; x_wconf 87' lang='lat' dir='ltr'>instruxit,</span> 
     </span>
     <span class='ocr_line' id='line_1_6' title="bbox 94 839 1187 919; baseline -0.001 -17"><span class='ocrx_word' id='word_1_35' title='bbox 94 840 212 903; x_wconf 91' lang='lat' dir='ltr'>deinde</span> <span class='ocrx_word' id='word_1_36' title='bbox 242 839 363 902; x_wconf 90' lang='lat' dir='ltr'>auxilia</span> <span class='ocrx_word' id='word_1_37' title='bbox 395 839 551 918; x_wconf 87' lang='lat' dir='ltr'>Ligurum</span> <span class='ocrx_word' id='word_1_38' title='bbox 582 839 815 919; x_wconf 88' lang='lat' dir='ltr'>Gallorumque</span> <span class='ocrx_word' id='word_1_39' title='bbox 847 841 1031 906; x_wconf 88' lang='lat' dir='ltr'>Baliaribus</span> <span class='ocrx_word' id='word_1_40' title='bbox 1061 845 1187 907; x_wconf 77' lang='lat' dir='ltr'>Mau-5</span> 
     </span>
     <span class='ocr_line' id='line_1_7' title="bbox 94 939 1152 1021; baseline 0.004 -18"><span class='ocrx_word' id='word_1_41' title='bbox 94 941 202 1021; x_wconf 89' lang='lat' dir='ltr'>risque</span> <span class='ocrx_word' id='word_1_42' title='bbox 223 939 396 1016; x_wconf 77' lang='lat' dir='ltr'>admixtis,</span> <span class='ocrx_word' id='word_1_43' title='bbox 430 940 463 1001; x_wconf 93' lang='lat' dir='ltr'>in</span> <span class='ocrx_word' id='word_1_44' title='bbox 484 940 627 1002; x_wconf 89' lang='lat' dir='ltr'>secunda</span> <span class='ocrx_word' id='word_1_45' title='bbox 648 941 717 1003; x_wconf 90' lang='lat' dir='ltr'>acie</span> <span class='ocrx_word' id='word_1_46' title='bbox 738 940 1022 1021; x_wconf 83' lang='lat' dir='ltr'>Carthaginienses</span> <span class='ocrx_word' id='word_1_47' title='bbox 1043 945 1152 1008; x_wconf 86' lang='lat' dir='ltr'>Afros-</span> 
     </span>
     <span class='ocr_line' id='line_1_8' title="bbox 94 1041 1187 1122; baseline 0.001 -17"><span class='ocrx_word' id='word_1_48' title='bbox 94 1062 158 1122; x_wconf 92' lang='lat' dir='ltr'>que</span> <span class='ocrx_word' id='word_1_49' title='bbox 180 1048 214 1105; x_wconf 92' lang='lat' dir='ltr'>et</span> <span class='ocrx_word' id='word_1_50' title='bbox 237 1041 454 1103; x_wconf 85' lang='lat' dir='ltr'>Macedonum</span> <span class='ocrx_word' id='word_1_51' title='bbox 476 1041 652 1120; x_wconf 90' lang='lat' dir='ltr'>legionem;</span> <span class='ocrx_word' id='word_1_52' title='bbox 688 1043 816 1105; x_wconf 89' lang='lat' dir='ltr'>modico</span> <span class='ocrx_word' id='word_1_53' title='bbox 840 1043 957 1106; x_wconf 91' lang='lat' dir='ltr'>deinde</span> <span class='ocrx_word' id='word_1_54' title='bbox 981 1044 1187 1107; x_wconf 78' lang='lat' dir='ltr'>intervallos</span> 
     </span>
     <span class='ocr_line' id='line_1_9' title="bbox 94 1141 1152 1208; baseline 0.003 -4"><span class='ocrx_word' id='word_1_55' title='bbox 94 1143 206 1205; x_wconf 91' lang='lat' dir='ltr'>relicto</span> <span class='ocrx_word' id='word_1_56' title='bbox 228 1141 457 1205; x_wconf 90' lang='lat' dir='ltr'>subsidiariam</span> <span class='ocrx_word' id='word_1_57' title='bbox 479 1143 582 1204; x_wconf 90' lang='lat' dir='ltr'>aciem</span> <span class='ocrx_word' id='word_1_58' title='bbox 605 1143 798 1205; x_wconf 89' lang='lat' dir='ltr'>Italicorum</span> <span class='ocrx_word' id='word_1_59' title='bbox 820 1143 963 1206; x_wconf 90' lang='lat' dir='ltr'>militum</span> <span class='ocrx_word' id='word_1_60' title='bbox 975 1179 1016 1186; x_wconf 98' lang='lat'><strong>—</strong></span> <span class='ocrx_word' id='word_1_61' title='bbox 1030 1144 1152 1208; x_wconf 91' lang='lat' dir='ltr'>Bruttii</span> 
     </span>
     <span class='ocr_line' id='line_1_10' title="bbox 93 1243 1153 1323; baseline 0.004 -19"><span class='ocrx_word' id='word_1_62' title='bbox 93 1243 239 1323; x_wconf 88' lang='lat' dir='ltr'>plerique</span> <span class='ocrx_word' id='word_1_63' title='bbox 251 1249 355 1319; x_wconf 88' lang='lat' dir='ltr'>erant,</span> <span class='ocrx_word' id='word_1_64' title='bbox 369 1243 402 1304; x_wconf 91' lang='lat' dir='ltr'>vi</span> <span class='ocrx_word' id='word_1_65' title='bbox 416 1263 453 1304; x_wconf 92' lang='lat' dir='ltr'>ac</span> <span class='ocrx_word' id='word_1_66' title='bbox 466 1243 661 1305; x_wconf 89' lang='lat' dir='ltr'>necessitate</span> <span class='ocrx_word' id='word_1_67' title='bbox 674 1243 782 1322; x_wconf 89' lang='lat' dir='ltr'>plures</span> <span class='ocrx_word' id='word_1_68' title='bbox 796 1263 896 1322; x_wconf 93' lang='lat' dir='ltr'>quam</span> <span class='ocrx_word' id='word_1_69' title='bbox 909 1263 967 1306; x_wconf 91' lang='lat' dir='ltr'>sua</span> <span class='ocrx_word' id='word_1_70' title='bbox 981 1244 1153 1308; x_wconf 90' lang='lat' dir='ltr'>voluntate</span> 
     </span>
     <span class='ocr_line' id='line_1_11' title="bbox 93 1342 1187 1423; baseline 0.004 -18"><span class='ocrx_word' id='word_1_71' title='bbox 93 1342 305 1405; x_wconf 89' lang='lat' dir='ltr'>decedentem</span> <span class='ocrx_word' id='word_1_72' title='bbox 329 1362 371 1405; x_wconf 89' lang='lat' dir='ltr'>ex</span> <span class='ocrx_word' id='word_1_73' title='bbox 393 1342 491 1405; x_wconf 87' lang='lat' dir='ltr'>ltalia</span> <span class='ocrx_word' id='word_1_74' title='bbox 515 1343 618 1405; x_wconf 89' lang='lat' dir='ltr'>secuti</span> <span class='ocrx_word' id='word_1_75' title='bbox 632 1377 673 1385; x_wconf 96' lang='lat'>—</span> <span class='ocrx_word' id='word_1_76' title='bbox 686 1343 852 1405; x_wconf 88' lang='lat' dir='ltr'>instruxit.</span> <span class='ocrx_word' id='word_1_77' title='bbox 899 1344 1096 1423; x_wconf 85' lang='lat' dir='ltr'>Equitatum</span> <span class='ocrx_word' id='word_1_78' title='bbox 1119 1351 1152 1407; x_wconf 93' lang='lat' dir='ltr'>et</span> <span class='ocrx_word' id='word_1_79' title='bbox 1172 1365 1187 1411; x_wconf 79' lang='lat' dir='ltr'>r</span> 
     </span>
     <span class='ocr_line' id='line_1_12' title="bbox 93 1443 1152 1522; baseline 0.003 -17"><span class='ocrx_word' id='word_1_80' title='bbox 93 1444 162 1522; x_wconf 91' lang='lat' dir='ltr'>ipse</span> <span class='ocrx_word' id='word_1_81' title='bbox 174 1443 387 1505; x_wconf 87' lang='lat' dir='ltr'>circumdedit</span> <span class='ocrx_word' id='word_1_82' title='bbox 400 1443 551 1505; x_wconf 86' lang='lat' dir='ltr'>cornibus</span> <span class='ocrx_word' id='word_1_83' title='bbox 558 1464 567 1520; x_wconf 88' lang='lat'>,·</span> <span class='ocrx_word' id='word_1_84' title='bbox 591 1443 745 1508; x_wconf 90' lang='lat' dir='ltr'>dextrum</span> <span class='ocrx_word' id='word_1_85' title='bbox 756 1443 1049 1522; x_wconf 85' lang='lat' dir='ltr'>Carthaginienses,</span> <span class='ocrx_word' id='word_1_86' title='bbox 1061 1445 1152 1508; x_wconf 94' lang='lat' dir='ltr'>sinis-</span> 
     </span>
     <span class='ocr_line' id='line_1_13' title="bbox 92 1542 1187 1608; baseline 0.003 -3"><span class='ocrx_word' id='word_1_87' title='bbox 92 1549 182 1605; x_wconf 91' lang='lat' dir='ltr'>trum</span> <span class='ocrx_word' id='word_1_88' title='bbox 220 1542 383 1606; x_wconf 89' lang='lat' dir='ltr'>Numidae</span> <span class='ocrx_word' id='word_1_89' title='bbox 419 1550 606 1606; x_wconf 86' lang='lat' dir='ltr'>tenuerunt.</span> <span class='ocrx_word' id='word_1_90' title='bbox 652 1543 750 1606; x_wconf 92' lang='lat' dir='ltr'>Varia</span> <span class='ocrx_word' id='word_1_91' title='bbox 787 1543 976 1607; x_wconf 87' lang='lat' dir='ltr'>adhortatio</span> <span class='ocrx_word' id='word_1_92' title='bbox 1012 1550 1083 1607; x_wconf 89' lang='lat' dir='ltr'>erat</span> <span class='ocrx_word' id='word_1_93' title='bbox 1119 1545 1187 1608; x_wconf 84' lang='lat' dir='ltr'>ins</span> 
     </span>
     <span class='ocr_line' id='line_1_14' title="bbox 92 1643 1150 1723; baseline 0.002 -18"><span class='ocrx_word' id='word_1_94' title='bbox 92 1643 239 1706; x_wconf 90' lang='lat' dir='ltr'>exercitu</span> <span class='ocrx_word' id='word_1_95' title='bbox 259 1643 345 1706; x_wconf 90' lang='lat' dir='ltr'>inter</span> <span class='ocrx_word' id='word_1_96' title='bbox 364 1649 416 1705; x_wconf 90' lang='lat' dir='ltr'>tot</span> <span class='ocrx_word' id='word_1_97' title='bbox 436 1643 593 1720; x_wconf 87' lang='lat' dir='ltr'>homines,</span> <span class='ocrx_word' id='word_1_98' title='bbox 616 1643 735 1723; x_wconf 93' lang='lat' dir='ltr'>quibus</span> <span class='ocrx_word' id='word_1_99' title='bbox 755 1664 822 1706; x_wconf 93' lang='lat' dir='ltr'>non</span> <span class='ocrx_word' id='word_1_100' title='bbox 842 1644 963 1722; x_wconf 88' lang='lat' dir='ltr'>lingua,</span> <span class='ocrx_word' id='word_1_101' title='bbox 984 1664 1049 1706; x_wconf 94' lang='lat' dir='ltr'>non</span> <span class='ocrx_word' id='word_1_102' title='bbox 1070 1663 1150 1721; x_wconf 86' lang='lat' dir='ltr'>mos,</span> 
     </span>
     <span class='ocr_line' id='line_1_15' title="bbox 92 1742 1152 1823; baseline 0.002 -19"><span class='ocrx_word' id='word_1_103' title='bbox 92 1763 159 1805; x_wconf 94' lang='lat' dir='ltr'>non</span> <span class='ocrx_word' id='word_1_104' title='bbox 181 1743 243 1818; x_wconf 87' lang='lat' dir='ltr'>lex,</span> <span class='ocrx_word' id='word_1_105' title='bbox 267 1763 333 1804; x_wconf 93' lang='lat' dir='ltr'>non</span> <span class='ocrx_word' id='word_1_106' title='bbox 355 1763 456 1819; x_wconf 84' lang='lat' dir='ltr'>arma,</span> <span class='ocrx_word' id='word_1_107' title='bbox 480 1763 546 1804; x_wconf 92' lang='lat' dir='ltr'>non</span> <span class='ocrx_word' id='word_1_108' title='bbox 570 1744 709 1806; x_wconf 92' lang='lat' dir='ltr'>vestitus</span> <span class='ocrx_word' id='word_1_109' title='bbox 732 1742 941 1823; x_wconf 89' lang='lat' dir='ltr'>habitusque,</span> <span class='ocrx_word' id='word_1_110' title='bbox 965 1763 1032 1806; x_wconf 95' lang='lat' dir='ltr'>non</span> <span class='ocrx_word' id='word_1_111' title='bbox 1055 1763 1152 1806; x_wconf 91' lang='lat' dir='ltr'>causa</span> 
     </span>
     <span class='ocr_line' id='line_1_16' title="bbox 92 1843 1187 1922; baseline 0.002 -18"><span class='ocrx_word' id='word_1_112' title='bbox 92 1843 257 1904; x_wconf 91' lang='lat' dir='ltr'>militandi</span> <span class='ocrx_word' id='word_1_113' title='bbox 271 1843 386 1905; x_wconf 90' lang='lat' dir='ltr'>eadem</span> <span class='ocrx_word' id='word_1_114' title='bbox 400 1850 495 1906; x_wconf 91' lang='lat' dir='ltr'>esset.</span> <span class='ocrx_word' id='word_1_115' title='bbox 540 1843 763 1905; x_wconf 87' lang='lat' dir='ltr'>Auxiliaribus</span> <span class='ocrx_word' id='word_1_116' title='bbox 777 1849 810 1906; x_wconf 92' lang='lat' dir='ltr'>et</span> <span class='ocrx_word' id='word_1_117' title='bbox 825 1863 978 1922; x_wconf 90' lang='lat' dir='ltr'>praesens</span> <span class='ocrx_word' id='word_1_118' title='bbox 993 1850 1026 1906; x_wconf 93' lang='lat' dir='ltr'>et</span> <span class='ocrx_word' id='word_1_119' title='bbox 1041 1843 1151 1906; x_wconf 90' lang='lat' dir='ltr'>multi·</span> <span class='ocrx_word' id='word_1_120' title='bbox 1171 1861 1187 1906; x_wconf 87' lang='lat'><strong>9</strong></span> 
     </span>
     <span class='ocr_line' id='line_1_17' title="bbox 92 1943 1151 2022; baseline 0.003 -19"><span class='ocrx_word' id='word_1_121' title='bbox 92 1943 214 2022; x_wconf 91' lang='lat' dir='ltr'>plicata</span> <span class='ocrx_word' id='word_1_122' title='bbox 231 1962 273 2004; x_wconf 89' lang='lat' dir='ltr'>ex</span> <span class='ocrx_word' id='word_1_123' title='bbox 289 1943 410 2021; x_wconf 90' lang='lat' dir='ltr'>praeda</span> <span class='ocrx_word' id='word_1_124' title='bbox 428 1963 549 2006; x_wconf 91' lang='lat' dir='ltr'>merces</span> <span class='ocrx_word' id='word_1_125' title='bbox 567 1949 770 2020; x_wconf 80' lang='lat' dir='ltr'>ostentatur,</span> <span class='ocrx_word' id='word_1_126' title='bbox 800 1943 884 2006; x_wconf 90' lang='lat' dir='ltr'>Galli</span> <span class='ocrx_word' id='word_1_127' title='bbox 901 1943 1032 2022; x_wconf 90' lang='lat' dir='ltr'>proprio</span> <span class='ocrx_word' id='word_1_128' title='bbox 1050 1949 1151 2022; x_wconf 89' lang='lat' dir='ltr'>atque</span> 
     </span>
     <span class='ocr_line' id='line_1_18' title="bbox 92 2041 1150 2122; baseline 0.002 -19"><span class='ocrx_word' id='word_1_129' title='bbox 92 2043 191 2104; x_wconf 90' lang='lat' dir='ltr'>insito</span> <span class='ocrx_word' id='word_1_130' title='bbox 216 2042 250 2103; x_wconf 92' lang='lat' dir='ltr'>in</span> <span class='ocrx_word' id='word_1_131' title='bbox 274 2041 442 2104; x_wconf 89' lang='lat' dir='ltr'>Romanos</span> <span class='ocrx_word' id='word_1_132' title='bbox 468 2043 542 2105; x_wconf 91' lang='lat' dir='ltr'>odio</span> <span class='ocrx_word' id='word_1_133' title='bbox 568 2042 807 2120; x_wconf 88' lang='lat' dir='ltr'>accenduntur;</span> <span class='ocrx_word' id='word_1_134' title='bbox 845 2042 1018 2121; x_wconf 88' lang='lat' dir='ltr'>Liguribus</span> <span class='ocrx_word' id='word_1_135' title='bbox 1044 2043 1150 2122; x_wconf 91' lang='lat' dir='ltr'>campi</span> 
     </span>
     <span class='ocr_line' id='line_1_19' title="bbox 90 2141 1150 2221; baseline 0.001 -17"><span class='ocrx_word' id='word_1_136' title='bbox 90 2142 207 2204; x_wconf 89' lang='lat' dir='ltr'>uberes</span> <span class='ocrx_word' id='word_1_137' title='bbox 229 2141 347 2203; x_wconf 91' lang='lat' dir='ltr'>Italiae</span> <span class='ocrx_word' id='word_1_138' title='bbox 369 2141 519 2204; x_wconf 89' lang='lat' dir='ltr'>deductis</span> <span class='ocrx_word' id='word_1_139' title='bbox 541 2162 583 2204; x_wconf 92' lang='lat' dir='ltr'>ex</span> <span class='ocrx_word' id='word_1_140' title='bbox 605 2142 789 2221; x_wconf 91' lang='lat' dir='ltr'>asperrimis</span> <span class='ocrx_word' id='word_1_141' title='bbox 811 2142 980 2204; x_wconf 92' lang='lat' dir='ltr'>montibus</span> <span class='ocrx_word' id='word_1_142' title='bbox 1002 2143 1035 2203; x_wconf 93' lang='lat' dir='ltr'>in</span> <span class='ocrx_word' id='word_1_143' title='bbox 1058 2162 1150 2221; x_wconf 89' lang='lat' dir='ltr'>spem</span> 
     </span>
     <span class='ocr_line' id='line_1_20' title="bbox 91 2240 1198 2320; baseline -0.004 -17"><span class='ocrx_word' id='word_1_144' title='bbox 91 2241 249 2304; x_wconf 86' lang='lat' dir='ltr'>victoriae</span> <span class='ocrx_word' id='word_1_145' title='bbox 278 2247 488 2304; x_wconf 89' lang='lat' dir='ltr'>ostentantur</span> <span class='ocrx_word' id='word_1_146' title='bbox 495 2262 503 2317; x_wconf 86' lang='lat'>;</span> <span class='ocrx_word' id='word_1_147' title='bbox 544 2241 676 2304; x_wconf 92' lang='lat' dir='ltr'>Mauros</span> <span class='ocrx_word' id='word_1_148' title='bbox 705 2240 931 2320; x_wconf 91' lang='lat' dir='ltr'>Numidasque</span> <span class='ocrx_word' id='word_1_149' title='bbox 960 2242 1149 2304; x_wconf 91' lang='lat' dir='ltr'>Masinissae</span> <span class='ocrx_word' id='word_1_150' title='bbox 1170 2255 1198 2300; x_wconf 90' lang='lat'>10</span> 
     </span>
     <span class='ocr_line' id='line_1_21' title="bbox 90 2340 1149 2421; baseline 0.001 -18"><span class='ocrx_word' id='word_1_151' title='bbox 90 2341 265 2420; x_wconf 87' lang='lat' dir='ltr'>impotenti</span> <span class='ocrx_word' id='word_1_152' title='bbox 287 2341 399 2402; x_wconf 90' lang='lat' dir='ltr'>futuro</span> <span class='ocrx_word' id='word_1_153' title='bbox 431 2340 603 2404; x_wconf 91' lang='lat' dir='ltr'>dominatu</span> <span class='ocrx_word' id='word_1_154' title='bbox 635 2348 750 2418; x_wconf 89' lang='lat' dir='ltr'>terret;</span> <span class='ocrx_word' id='word_1_155' title='bbox 794 2342 864 2404; x_wconf 90' lang='lat' dir='ltr'>aliis</span> <span class='ocrx_word' id='word_1_156' title='bbox 895 2341 977 2404; x_wconf 90' lang='lat' dir='ltr'>aliae</span> <span class='ocrx_word' id='word_1_157' title='bbox 1008 2361 1080 2421; x_wconf 90' lang='lat' dir='ltr'>spes</span> <span class='ocrx_word' id='word_1_158' title='bbox 1111 2363 1149 2404; x_wconf 89' lang='lat' dir='ltr'>ac</span> 
     </span>
     <span class='ocr_line' id='line_1_22' title="bbox 91 2440 1196 2520; baseline -0.003 -18"><span class='ocrx_word' id='word_1_159' title='bbox 91 2448 199 2504; x_wconf 91' lang='lat' dir='ltr'>metus</span> <span class='ocrx_word' id='word_1_160' title='bbox 226 2441 401 2503; x_wconf 91' lang='lat' dir='ltr'>iactantur.</span> <span class='ocrx_word' id='word_1_161' title='bbox 446 2440 769 2520; x_wconf 88' lang='lat' dir='ltr'>Carthaginiensibus</span> <span class='ocrx_word' id='word_1_162' title='bbox 796 2442 923 2503; x_wconf 91' lang='lat' dir='ltr'>moenia</span> <span class='ocrx_word' id='word_1_163' title='bbox 951 2442 1087 2520; x_wconf 88' lang='lat' dir='ltr'>patriae,</span> <span class='ocrx_word' id='word_1_164' title='bbox 1115 2441 1149 2503; x_wconf 92' lang='lat' dir='ltr'>di</span> <span class='ocrx_word' id='word_1_165' title='bbox 1170 2455 1196 2499; x_wconf 86' lang='lat'>11</span> 
     </span>
     <span class='ocr_line' id='line_1_23' title="bbox 89 2540 1148 2620; baseline -0.001 -17"><span class='ocrx_word' id='word_1_166' title='bbox 89 2547 237 2620; x_wconf 88' lang='lat' dir='ltr'>penates,</span> <span class='ocrx_word' id='word_1_167' title='bbox 264 2540 411 2619; x_wconf 88' lang='lat' dir='ltr'>sepulcra</span> <span class='ocrx_word' id='word_1_168' title='bbox 438 2541 608 2616; x_wconf 86' lang='lat' dir='ltr'>maiorum,</span> <span class='ocrx_word' id='word_1_169' title='bbox 636 2541 727 2603; x_wconf 92' lang='lat' dir='ltr'>liberi</span> <span class='ocrx_word' id='word_1_170' title='bbox 755 2561 830 2603; x_wconf 91' lang='lat' dir='ltr'>cum</span> <span class='ocrx_word' id='word_1_171' title='bbox 856 2540 1047 2620; x_wconf 87' lang='lat' dir='ltr'>parentibus</span> <span class='ocrx_word' id='word_1_172' title='bbox 1074 2561 1148 2604; x_wconf 91' lang='lat' dir='ltr'>con-</span> 
     </span>
     <span class='ocr_line' id='line_1_24' title="bbox 90 2640 1147 2720; baseline 0.002 -19"><span class='ocrx_word' id='word_1_173' title='bbox 90 2642 245 2720; x_wconf 90' lang='lat' dir='ltr'>iugesque</span> <span class='ocrx_word' id='word_1_174' title='bbox 257 2640 407 2719; x_wconf 87' lang='lat' dir='ltr'>pavidae,</span> <span class='ocrx_word' id='word_1_175' title='bbox 420 2648 478 2703; x_wconf 91' lang='lat' dir='ltr'>aut</span> <span class='ocrx_word' id='word_1_176' title='bbox 493 2640 654 2703; x_wconf 85' lang='lat' dir='ltr'>excidium</span> <span class='ocrx_word' id='word_1_177' title='bbox 666 2641 899 2720; x_wconf 89' lang='lat' dir='ltr'>servitiumque</span> <span class='ocrx_word' id='word_1_178' title='bbox 910 2648 968 2703; x_wconf 89' lang='lat' dir='ltr'>aut</span> <span class='ocrx_word' id='word_1_179' title='bbox 979 2641 1147 2720; x_wconf 90' lang='lat' dir='ltr'>imperium</span> 
     </span>
     <span class='ocr_line' id='line_1_25' title="bbox 89 2739 1146 2820; baseline 0.001 -19"><span class='ocrx_word' id='word_1_180' title='bbox 89 2741 175 2803; x_wconf 92' lang='lat' dir='ltr'>orbis</span> <span class='ocrx_word' id='word_1_181' title='bbox 197 2747 365 2816; x_wconf 89' lang='lat' dir='ltr'>terrarum,</span> <span class='ocrx_word' id='word_1_182' title='bbox 380 2739 458 2801; x_wconf 91' lang='lat' dir='ltr'>nihil</span> <span class='ocrx_word' id='word_1_183' title='bbox 472 2748 531 2804; x_wconf 87' lang='lat' dir='ltr'>aut</span> <span class='ocrx_word' id='word_1_184' title='bbox 553 2741 587 2802; x_wconf 93' lang='lat' dir='ltr'>in</span> <span class='ocrx_word' id='word_1_185' title='bbox 607 2747 734 2802; x_wconf 91' lang='lat' dir='ltr'>metum</span> <span class='ocrx_word' id='word_1_186' title='bbox 754 2748 813 2804; x_wconf 87' lang='lat' dir='ltr'>aut</span> <span class='ocrx_word' id='word_1_187' title='bbox 834 2742 867 2802; x_wconf 93' lang='lat' dir='ltr'>in</span> <span class='ocrx_word' id='word_1_188' title='bbox 889 2760 980 2820; x_wconf 91' lang='lat' dir='ltr'>spem</span> <span class='ocrx_word' id='word_1_189' title='bbox 992 2740 1146 2819; x_wconf 91' lang='lat' dir='ltr'>medium,</span> 
     </span>
     <span class='ocr_line' id='line_1_26' title="bbox 89 2846 286 2902; baseline -0.01 0"><span class='ocrx_word' id='word_1_190' title='bbox 89 2846 286 2902; x_wconf 90' lang='lat' dir='ltr'>ostentatur.</span> 
     </span>
    </p>

    <p class='ocr_par' dir='ltr' id='par_1_3' title="bbox 86 2939 1196 3620">
     <span class='ocr_line' id='line_1_27' title="bbox 130 2939 1196 3020; baseline -0.003 -18"><span class='ocrx_word' id='word_1_191' title='bbox 130 2941 213 3002; x_wconf 92' lang='lat' dir='ltr'>Cum</span> <span class='ocrx_word' id='word_1_192' title='bbox 244 2940 386 3002; x_wconf 91' lang='lat' dir='ltr'>maxime</span> <span class='ocrx_word' id='word_1_193' title='bbox 416 2940 496 3003; x_wconf 91' lang='lat' dir='ltr'>haec</span> <span class='ocrx_word' id='word_1_194' title='bbox 526 2941 705 3020; x_wconf 90' lang='lat' dir='ltr'>imperator</span> <span class='ocrx_word' id='word_1_195' title='bbox 734 2940 822 3019; x_wconf 93' lang='lat' dir='ltr'>apud</span> <span class='ocrx_word' id='word_1_196' title='bbox 852 2939 1145 3019; x_wconf 89' lang='lat' dir='ltr'>Carthaginienses,</span> <span class='ocrx_word' id='word_1_197' title='bbox 1168 2953 1196 2999; x_wconf 82' lang='lat'>12</span> 
     </span>
     <span class='ocr_line' id='line_1_28' title="bbox 88 3039 1148 3128; baseline 0 -26"><span class='ocrx_word' id='word_1_198' title='bbox 88 3041 188 3103; x_wconf 89' lang='lat' dir='ltr'>duces</span> <span class='ocrx_word' id='word_1_199' title='bbox 221 3059 354 3102; x_wconf 91' lang='lat' dir='ltr'>suarum</span> <span class='ocrx_word' id='word_1_200' title='bbox 386 3041 534 3128; x_wconf 87' lang='lat' dir='ltr'>gentium</span> <span class='ocrx_word' id='word_1_201' title='bbox 568 3042 654 3103; x_wconf 87' lang='lat' dir='ltr'>inter</span> <span class='ocrx_word' id='word_1_202' title='bbox 686 3039 868 3119; x_wconf 82' lang='lat' dir='ltr'>populares,</span> <span class='ocrx_word' id='word_1_203' title='bbox 904 3040 1057 3119; x_wconf 90' lang='lat' dir='ltr'>pleraque</span> <span class='ocrx_word' id='word_1_204' title='bbox 1090 3060 1148 3120; x_wconf 90' lang='lat' dir='ltr'>per</span> 
     </span>
     <span class='ocr_line' id='line_1_29' title="bbox 88 3140 1146 3220; baseline 0.001 -19"><span class='ocrx_word' id='word_1_205' title='bbox 88 3141 282 3219; x_wconf 89' lang='lat' dir='ltr'>interpretes</span> <span class='ocrx_word' id='word_1_206' title='bbox 319 3141 403 3202; x_wconf 90' lang='lat' dir='ltr'>inter</span> <span class='ocrx_word' id='word_1_207' title='bbox 439 3141 606 3203; x_wconf 87' lang='lat' dir='ltr'>immixtos</span> <span class='ocrx_word' id='word_1_208' title='bbox 642 3140 838 3220; x_wconf 88' lang='lat' dir='ltr'>alienigenas</span> <span class='ocrx_word' id='word_1_209' title='bbox 872 3146 1015 3218; x_wconf 90' lang='lat' dir='ltr'>agerent,</span> <span class='ocrx_word' id='word_1_210' title='bbox 1046 3140 1146 3202; x_wconf 92' lang='lat' dir='ltr'>tubae</span> 
     </span>
     <span class='ocr_line' id='line_1_30' title="bbox 89 3239 1147 3318; baseline 0.001 -18"><span class='ocrx_word' id='word_1_211' title='bbox 89 3258 275 3318; x_wconf 89' lang='lat' dir='ltr'>cornuaque</span> <span class='ocrx_word' id='word_1_212' title='bbox 309 3240 351 3301; x_wconf 92' lang='lat' dir='ltr'>ab</span> <span class='ocrx_word' id='word_1_213' title='bbox 386 3240 545 3302; x_wconf 85' lang='lat' dir='ltr'>Romanis</span> <span class='ocrx_word' id='word_1_214' title='bbox 580 3240 776 3315; x_wconf 87' lang='lat' dir='ltr'>cecinerunt,</span> <span class='ocrx_word' id='word_1_215' title='bbox 812 3246 991 3318; x_wconf 91' lang='lat' dir='ltr'>tantusque</span> <span class='ocrx_word' id='word_1_216' title='bbox 1026 3239 1147 3301; x_wconf 91' lang='lat' dir='ltr'>clamor</span> 
     </span>
     <span class='ocr_line' id='line_1_31' title="bbox 87 3338 1195 3418; baseline 0.005 -18"><span class='ocrx_word' id='word_1_217' title='bbox 87 3347 189 3415; x_wconf 88' lang='lat' dir='ltr'>ortus,</span> <span class='ocrx_word' id='word_1_218' title='bbox 219 3345 257 3400; x_wconf 94' lang='lat' dir='ltr'>ut</span> <span class='ocrx_word' id='word_1_219' title='bbox 284 3338 450 3418; x_wconf 90' lang='lat' dir='ltr'>elephanti</span> <span class='ocrx_word' id='word_1_220' title='bbox 478 3339 511 3401; x_wconf 93' lang='lat' dir='ltr'>in</span> <span class='ocrx_word' id='word_1_221' title='bbox 539 3359 624 3415; x_wconf 90' lang='lat' dir='ltr'>suos,</span> <span class='ocrx_word' id='word_1_222' title='bbox 653 3340 821 3401; x_wconf 91' lang='lat' dir='ltr'>sinistrum</span> <span class='ocrx_word' id='word_1_223' title='bbox 857 3339 999 3401; x_wconf 87' lang='lat' dir='ltr'>maxime</span> <span class='ocrx_word' id='word_1_224' title='bbox 1036 3359 1145 3414; x_wconf 90' lang='lat' dir='ltr'>cornu,</span> <span class='ocrx_word' id='word_1_225' title='bbox 1167 3360 1195 3405; x_wconf 89' lang='lat'>13</span> 
     </span>
     <span class='ocr_line' id='line_1_32' title="bbox 87 3437 1146 3515; baseline -0.002 -14"><span class='ocrx_word' id='word_1_226' title='bbox 87 3445 304 3515; x_wconf 87' lang='lat' dir='ltr'>verterentur,</span> <span class='ocrx_word' id='word_1_227' title='bbox 332 3440 463 3501; x_wconf 91' lang='lat' dir='ltr'>Mauros</span> <span class='ocrx_word' id='word_1_228' title='bbox 489 3459 526 3501; x_wconf 92' lang='lat' dir='ltr'>ac</span> <span class='ocrx_word' id='word_1_229' title='bbox 553 3439 724 3501; x_wconf 90' lang='lat' dir='ltr'>Numidas.</span> <span class='ocrx_word' id='word_1_230' title='bbox 769 3438 906 3501; x_wconf 87' lang='lat' dir='ltr'>Addidit</span> <span class='ocrx_word' id='word_1_231' title='bbox 931 3437 1025 3500; x_wconf 87' lang='lat' dir='ltr'>facile</span> <span class='ocrx_word' id='word_1_232' title='bbox 1051 3438 1146 3501; x_wconf 89' lang='lat' dir='ltr'>Masi-</span> 
     </span>
     <span class='ocr_line' id='line_1_33' title="bbox 86 3537 1146 3620; baseline -0.001 -20"><span class='ocrx_word' id='word_1_233' title='bbox 86 3539 174 3601; x_wconf 90' lang='lat' dir='ltr'>nissa</span> <span class='ocrx_word' id='word_1_234' title='bbox 199 3537 355 3617; x_wconf 90' lang='lat' dir='ltr'>perculsis</span> <span class='ocrx_word' id='word_1_235' title='bbox 380 3545 537 3602; x_wconf 91' lang='lat' dir='ltr'>terrorem</span> <span class='ocrx_word' id='word_1_236' title='bbox 562 3538 768 3620; x_wconf 84' lang='lat' dir='ltr'>nudavitque</span> <span class='ocrx_word' id='word_1_237' title='bbox 793 3539 836 3601; x_wconf 93' lang='lat' dir='ltr'>ab</span> <span class='ocrx_word' id='word_1_238' title='bbox 860 3558 898 3600; x_wconf 92' lang='lat' dir='ltr'>ea</span> <span class='ocrx_word' id='word_1_239' title='bbox 923 3542 1018 3616; x_wconf 91' lang='lat' dir='ltr'>parte</span> <span class='ocrx_word' id='word_1_240' title='bbox 1042 3537 1146 3601; x_wconf 92' lang='lat' dir='ltr'>aciem</span> 
     </span>
    </p>
   </div>
   <div class='ocr_carea' id='block_1_3' title="bbox 0 0 1252 3908">
    <p class='ocr_par' dir='ltr' id='par_1_4' title="bbox 0 0 1252 3908">
     <span class='ocr_line' id='line_1_34' title="bbox 0 0 1252 3908; baseline 0 1"><span class='ocrx_word' id='word_1_241' title='bbox 0 0 1252 3908; x_wconf 95' lang='lat' dir='ltr'> </span> 
     </span>
    </p>
   </div>
  </div>
 </body>
</html>
