2496 3908
96 232 196 285 cnm.
210 233 237 294 a,
251 233 294 298 a]
585 230 676 281 mvr
696 249 703 262 ι
1094 217 1158 282 103

95 409 289 490 populando
327 416 475 472 moratus
512 429 570 488 per
605 409 805 472 Suessanum
842 407 1087 486 Allifanumque
1123 411 1158 469 et

94 510 286 573 Casinatem
309 529 424 587 agrum
449 509 503 570 via
529 508 648 571 Latina
673 508 774 571 ducit.
819 508 888 571 Sub
912 508 1030 570 Casino
1055 505 1157 568 biduo

94 610 221 672 stativa
237 608 353 670 habita
368 616 402 672 et
419 609 541 687 passim
557 608 786 688 populationes
802 608 921 670 factae.
966 606 1048 669 Inde
1065 625 1156 685 prae-
1176 623 1192 668 3

95 717 146 772 ter
167 710 395 772 Interamnam
416 709 650 787 Aquinumque
671 709 705 768 in
728 708 955 785 Fregellanum
976 727 1092 785 agrum
1113 705 1156 768 ad

96 808 200 870 Lirim
226 809 366 871 fluvium
393 801 542 883 ventum,
569 807 627 870 ubi
654 807 845 883 intercisum
871 814 1006 886 pontem
1034 826 1054 869 a
1082 807 1156 868 Fre-

95 908 231 986 gellanis
266 908 415 970 morandi
448 908 574 969 itineris
609 927 706 969 causa
741 907 878 969 invenit.
923 907 967 968 Et
1003 906 1191 969 Fulviums

96 1008 279 1070 Vulturnus
313 1013 465 1070 tenuerat
498 1007 604 1068 amnis
636 1006 778 1068 navibus
812 1006 854 1068 ab
889 1005 1075 1067 Hannibale
1107 1005 1156 1066 in·

95 1107 199 1169 censis
223 1111 309 1169 rates
333 1107 376 1168 ad
399 1106 617 1168 traiciendum
640 1107 822 1168 exercitum
845 1106 878 1166 in
903 1125 1021 1184 magna
1045 1105 1155 1184 inopia

95 1207 254 1269 materiae
275 1225 368 1283 aegre
390 1212 647 1284 comparantem.
691 1205 842 1268 Traiecto
863 1205 990 1268 ratibus
1010 1205 1190 1269 exercituo

94 1306 258 1385 reliquum
280 1305 397 1367 Fulvio
412 1305 604 1384 expeditum
619 1306 682 1367 iter
703 1325 769 1367 non
792 1325 850 1384 per
871 1304 967 1367 urbes
985 1304 1083 1366 modo
1097 1303 1155 1366 sed

94 1406 180 1468 circa
194 1405 285 1467 viam
297 1405 454 1484 expositis
468 1405 606 1483 benigne
624 1404 861 1467 commeatibus
876 1412 956 1481 erat,
971 1404 1154 1484 alacresque

94 1504 216 1567 milites
235 1504 318 1566 alius
337 1504 448 1579 alium,
469 1510 506 1566 ut
526 1504 662 1566 adderet
682 1504 818 1582 gradum
837 1524 960 1565 memor
978 1502 1022 1565 ad
1041 1503 1151 1565 defen·

93 1604 240 1668 dendam
264 1604 302 1664 iri
327 1604 480 1682 patriam,
505 1603 735 1665 hortabantur.
786 1604 924 1666 Romam
948 1603 1152 1681 Fregellanus
1173 1621 1188 1667 6

92 1704 231 1766 nuntius
264 1703 352 1765 diem
382 1710 579 1782 noctemque
612 1703 727 1765 itinere
761 1703 954 1764 continuato
987 1703 1154 1780 ingentem

92 1803 209 1866 attulit
246 1808 418 1878 terrorem;
467 1802 711 1877 tumultuosius
745 1822 846 1881 quam
882 1802 970 1880 quod
1007 1801 1152 1864 adlatum

91 1909 175 1978 erat,
215 1922 390 1965 concursus
425 1902 597 1965 hominum
634 1902 871 1979 adfingentium
908 1921 995 1963 vana
1031 1901 1153 1963 auditis

92 2010 203 2066 totam
243 2002 360 2065 urbem
401 2003 555 2064 concitat.
601 2001 752 2063 Ploratus
794 2001 966 2063 mulierum
1006 2021 1072 2063 non
1112 2021 1187 2068 exi

91 2103 233 2182 privatis
275 2102 381 2164 solum
423 2101 575 2163 domibus
616 2100 865 2175 exaudiebatur,
908 2099 966 2164 sed
1007 2100 1152 2180 undique

92 2208 265 2265 matronae
291 2202 324 2262 in
351 2201 520 2280 publicum
545 2200 667 2263 effusae
694 2201 777 2261 circa
804 2200 901 2263 deum
928 2199 1063 2262 delubra
1089 2200 1152 2261 dis-

92 2307 240 2376 currunt,
271 2301 413 2363 crinibus
442 2301 545 2380 passis
573 2320 646 2362 aras
675 2306 850 2374 verrentes,
880 2300 976 2362 nixae
1004 2299 1150 2377 genibus,

90 2402 228 2481 supinas
258 2421 374 2462 manus
404 2401 446 2462 ad
477 2400 602 2463 caelum
631 2420 669 2461 ac
699 2400 776 2462 deos
805 2399 977 2462 tendentes
1007 2405 1187 2466 orantes-8

91 2521 166 2581 que,
192 2507 230 2563 ut
255 2500 369 2563 urbem
394 2500 581 2563 Romanam
604 2521 621 2562 e
646 2499 798 2561 manibus
821 2499 966 2561 hostium
990 2499 1152 2578 eriperent
1184 2519 1187 2525 ·

91 2608 282 2680 matresque
314 2600 481 2662 Romanas
513 2606 547 2663 et
579 2600 696 2662 liberos
729 2619 848 2679 parvos
880 2598 1056 2661 inviolatos
1088 2619 1152 2662 ser·

90 2706 221 2763 varent.
266 2700 406 2763 Senatus
437 2699 683 2777 magistratibus
712 2699 746 2760 in
775 2699 846 2761 loro
876 2706 1006 2778 praesto
1035 2705 1095 2774 est,
1125 2699 1187 2765 sia

90 2800 172 2879 quid
195 2800 359 2861 consulere
380 2799 492 2861 velint.
537 2799 600 2861 Alii
622 2799 788 2878 accipiunt
808 2798 944 2877 imperia
965 2798 1152 2861 discedunt-

91 2920 155 2979 que
175 2899 219 2960 ad
237 2918 312 2961 suas
332 2899 469 2978 quisque
489 2900 669 2961 officiorum
687 2904 807 2978 partes
828 2898 881 2960 alii
900 2897 1043 2960 offerunt
1061 2918 1105 2974 se,
1125 2898 1151 2959 si

91 3019 157 3078 quo
178 3017 257 3060 usus
276 3019 393 3077 operae
413 2999 465 3060 sit.
511 2998 676 3061 Praesidio
705 2998 738 3058 in
768 3018 851 3074 arce,
872 2999 906 3058 in
925 2997 1097 3076 Capitolio,
1118 2998 1152 3058 in

91 3099 205 3174 muris,
231 3098 314 3159 circa
338 3098 462 3173 urbem,
487 3099 520 3158 in
544 3104 656 3160 monte
678 3099 780 3160 etiam
802 3097 931 3159 Albano
955 3104 1056 3176 atque
1079 3118 1152 3160 arce

90 3198 253 3260 Aefulana
278 3204 456 3275 ponuntur.
503 3199 594 3260 Inter
616 3197 703 3259 hunc
727 3197 910 3259 tumultum
933 3197 971 3272 Q.
998 3196 1152 3259 Fulvium
1173 3204 1201 3251 10

92 3296 319 3377 proconsulem
350 3297 534 3375 profectum
566 3317 640 3359 cum
669 3297 815 3360 exercitu
845 3297 957 3375 Capua
988 3296 1159 3375 adfertur}

92 3398 143 3460 cui
157 3417 197 3458 ne
212 3397 414 3459 minueretur
426 3397 609 3476 imperium,
624 3397 650 3458 si
664 3397 697 3457 in
709 3397 824 3458 urbem
838 3397 991 3473 venisset,
1006 3396 1152 3461 decernit

91 3504 235 3570 senatua
253 3502 290 3557 ut
307 3498 345 3572 Q.
364 3497 479 3575 Fulvio
497 3517 556 3575 par
572 3517 646 3558 cum
663 3496 849 3558 consulibus
865 3495 1039 3575 imperium
1054 3503 1149 3562 esset.
