2496 3908
140 232 182 296 48
264 252 274 260 ·
453 292 475 360 (L
620 242 709 292 trvr
1012 243 1187 308 [nooxxxr

46 477 49 483 ,
140 416 183 477 sis
201 392 457 478 militibusl‘v'asa
475 416 604 478 silentio
623 415 770 495 colligere
789 422 895 577 wirla
914 417 956 479 ab
975 418 1093 481 Ticino
1110 425 1191 481 mota

139 515 397 594 festinatumque
423 516 465 577 ad
491 515 619 576 Padurn
643 522 704 590 est,
730 521 769 578 ut
794 486 858 578 rb‘t'i
883 535 931 592 us,
958 516 1083 596 quibus
1108 518 1190 580 iunx-

139 614 368 691 eratflumen,
398 614 544 676 nondum
573 614 722 677 resolutis
749 615 818 678 sine
846 614 994 678 tumultu
1022 622 1126 699 atque
1151 618 1190 678 in·

105 690 318 775 asddlatione
359 713 462 776 hostis
503 714 612 792 copias
653 715 813 777 traiceret.
859 714 953 776 Prius
994 715 1191 780 Placentiam

138 832 313 890 pervenere
336 832 436 892 quam
459 813 539 875 satis
561 813 657 875 sciret
682 813 847 923 Hgnnibal
871 813 913 875 ab
936 814 1053 877 Ticino
1076 816 1191 895 profec-

139 918 205 983 t0s;
247 919 359 974 tamen
388 912 431 973 ad
460 919 624 974 sescentos
654 873 856 974 mbrdddium
886 913 919 972 in
949 913 1101 977 citeriore
1129 915 1191 994 ripa

139 1010 219 1072 Padi
247 1012 388 1089 segniter
416 1018 520 1073 ratem
548 1010 712 1073 solventes
740 1012 836 1090 cepit.
881 1012 1033 1076 Transire
1063 1020 1191 1093 pontem

138 1131 203 1172 non
219 1112 339 1188 potuit,
357 1117 394 1173 ut
410 1118 558 1172 extrema
575 1111 717 1172 resoluta
733 1125 837 1185 erant,
855 1117 928 1174 tota
945 1117 1017 1174 rate
1034 1113 1069 1174 in
1085 1132 1191 1178 secun-

102 1231 117 1274 4
138 1210 214 1271 darn
237 1229 357 1288 aquarn
380 1210 520 1272 labente.
565 1210 692 1272 Coelius
714 1217 900 1273 auctorest
923 1211 1101 1289 Magonem
1124 1194 1235 1325 cumsst‘*

137 1311 288 1388 equitatu
305 1317 338 1371 et
357 1310 512 1388 Hispanis
529 1310 695 1388 peditibus
712 1311 834 1372 flumen
850 1311 1018 1390 externplo
1036 1301 1190 1388 tranasse

137 1409 243 1487 ipsum
271 1409 491 1471 Hannibalem
517 1429 575 1488 per
600 1410 766 1488 superiora
793 1410 874 1471 Padi
901 1409 987 1471 vada
1014 1412 1199 1475 exercitum
1230 1486 1233 1492 .

137 1509 321 1571 traduxisse
343 1508 524 1587 elephantis
550 1509 583 1569 in
606 1509 753 1571 ordinem
775 1509 818 1571 ad
841 1510 1072 1584 sustinendum
1096 1513 1190 1591 impe

100 1627 115 1671 t
137 1615 208 1670 tum
228 1609 370 1670 fluminis
390 1609 558 1687 oppositis.
604 1609 653 1669 Ea
664 1609 785 1713 [peritis
805 1609 910 1671 amnis
929 1591 1006 1687 eiud
1019 1611 1078 1672 vix
1097 1611 1190 1674 fidem

135 1708 286 1783 fecerint;
312 1729 390 1770 nam
405 1728 509 1787 neque
524 1708 651 1787 equites
665 1709 764 1769 armis
777 1709 934 1789 equisque
948 1707 1054 1804 splvis)
1063 1716 1190 1774 tantam

136 1808 203 1868 vim
225 1808 367 1870 fluminis
389 1827 558 1886 superasse
580 1808 648 1869 veri
670 1807 773 1869 simile
795 1814 855 1883 est,
878 1784 1004 1870 dtibn
1029 1809 1191 1889 Hispanos

136 1926 247 1969 omnes
267 1907 372 1969 inflati
393 1908 595 1969 travexerint
612 1913 711 1981 utres,
733 1913 766 1968 et
788 1907 967 1984 multorum
988 1907 1117 1971 dierum
1137 1910 1192 1972 cir·

136 2007 225 2068 cuitu
251 2007 332 2068 Padi
357 2006 443 2068 vada
468 2007 611 2085 petenda
636 2006 780 2081 fuerunt,
807 2027 872 2086 qua
897 2007 1060 2093 exercitus
1085 2010 1191 2088 gravis

99 2106 376 2184 oimpedimentis
408 2106 536 2168 traduci
567 2112 687 2184 posset.
733 2106 881 2168 Potiores
913 2106 1001 2184 apud
1033 2127 1087 2171 me
1119 2128 1191 2172 auc-

135 2212 221 2267 tores
247 2213 324 2267 sunt
351 2207 406 2285 qui
433 2205 533 2267 biduo
560 2206 617 2266 vix
643 2206 751 2267 locum
779 2212 848 2268 rate
875 2205 1039 2286 iungendo
1065 2207 1191 2270 flumini

135 2305 306 2367 inventum
328 2306 480 2381 tradunt,·
513 2325 551 2367 ea
573 2325 646 2367 curn
669 2306 806 2383 Magone
826 2306 953 2384 equites
973 2313 1007 2368 et
1029 2306 1192 2387 Hispano-

99 2421 113 2466 r
135 2425 207 2466 rum
225 2406 395 2484 expeditos
413 2406 616 2483 praemissos,
663 2405 750 2466 Dum
770 2405 948 2480 Hannibal,
968 2405 1052 2466 circa
1071 2407 1192 2470 flumen

134 2505 350 2583 legationibus
371 2505 538 2567 Gallorum
560 2505 730 2566 audiendis
751 2512 908 2580 moratus
930 2505 1040 2566 traicit
1060 2507 1192 2585 gravius

134 2605 283 2684 pediturn
313 2625 439 2683 agmen,
471 2605 601 2667 interim
632 2606 727 2683 Mago
756 2592 947 2685 equitesque
977 2605 1019 2667 ab
1049 2607 1193 2669 transitu

135 2705 276 2767 fluminis
298 2705 360 2767 diei
383 2705 479 2766 unius
501 2705 615 2766 itinere
638 2704 840 2767 Placentiam
862 2705 904 2766 ad
927 2705 1036 2766 hostes
1059 2713 1192 2768 conten-

99 2828 114 2872 8
136 2806 228 2867 dunt.
275 2804 440 2866 Hannibal
458 2805 570 2882 paucis
586 2811 661 2882 post
678 2805 792 2867 diebus
809 2826 865 2867 sex
882 2805 970 2866 milia
987 2825 1006 2865 a
1023 2804 1191 2868 Placentia

136 2912 242 2966 castra
266 2904 481 2965 communivit
505 2910 538 2965 et
562 2911 692 2981 postero
716 2904 775 2992 die
790 2905 823 2964 in
847 2911 1022 2982 conspectu
1045 2904 1191 2968 hostium

137 3004 204 3066 acie
220 3004 349 3065 derecta
365 3010 565 3082 potestatem
581 3023 710 3082 pugnae
725 3004 812 3065 fecit.

85 3110 128 3159 48
180 3104 369 3182 Insequenti
394 3110 489 3165 nocte
515 3103 628 3164 caedes
653 3103 685 3163 in
712 3104 825 3164 castris
850 3103 1017 3178 Romanis,
1044 3104 1188 3169 tumultu

138 3209 248 3265 tamen
272 3222 372 3281 quam
397 3223 429 3264 re
453 3203 565 3277 maior,
591 3202 633 3263 ab
657 3202 869 3264 auxiliaribus
893 3203 993 3264 Gallis
1016 3203 1106 3266 facta
1130 3211 1190 3267 est.

101 3313 115 3356 2
137 3303 187 3365 Ad
215 3303 280 3364 duo
307 3303 395 3364 milia
422 3303 570 3381 peditum
597 3309 630 3364 et
657 3301 790 3363 ducenti
816 3303 943 3380 equites
970 3303 1122 3380 vigilibus
1149 3303 1191 3365 ad

137 3410 249 3481 portas
284 3403 455 3464 trucidatis
490 3402 532 3462 ad
569 3401 788 3464 Hannibalem
824 3402 1045 3479 transfugiunt
1054 3424 1061 3479 ;
1109 3422 1191 3483 quos

138 3503 265 3564 Poenus
295 3502 432 3581 benigne
463 3501 635 3563 adlocutus
665 3508 699 3562 et
730 3521 786 3579 spe
817 3501 998 3580 ingentium
1029 3502 1190 3566 donorum
