2496 3908
59 242 345 310 caraxatam]
557 241 646 292 crvx
1061 228 1123 292 121

44 421 191 482 -venisse
212 417 302 481 haud
325 417 461 480 dubiam
483 419 656 480 victoriam
677 418 854 480 iacturum.
900 417 1037 479 Famam
1058 416 1160 487 bel-5

60 519 131 581 lum
163 517 331 594 conficere,
361 525 395 581 et
425 537 528 596 parva
558 523 726 580 momenta
751 519 785 578 in
811 537 903 596 spem
935 523 1126 597 metumque

61 618 229 698 impellere
244 618 371 680 animos
379 638 387 694 ;
415 618 534 697 gloriae
550 618 689 699 quidem¹
699 638 740 680 ex
756 638 789 680 re
804 617 887 681 bene
902 623 994 696 gesta
1011 625 1126 699 partae

61 719 210 782 fructum
232 736 333 796 prope
354 737 486 780 omnem
514 718 601 796 ipsos
623 717 763 795 laturos;
797 737 925 797 semper
951 720 1040 798 quod
1070 740 1161 799 p0-e

61 825 223 882 stremum
256 817 422 880 adiectum
455 811 564 893 sit,'id
598 838 666 880 rem
699 825 807 881 totam
840 818 942 880 videri
977 821 1125 884 traxisse.

62 920 200 983 Cernere
216 919 314 1003 ipsos,
332 937 398 998 quo
415 937 584 992 concursu,
602 938 668 997 qua
684 918 912 995 admiratione,
931 939 997 998 quo
1013 920 1127 985 favore

63 1019 237 1082 hominum
253 1019 316 1080 iter
331 1037 430 1080 suurn
447 1017 636 1081 celebretur.
682 1019 726 1081 Et
744 1018 873 1081 hercule
891 1039 948 1098 per
965 1020 1127 1083 instructa
1146 1044 1161 1090 r

63 1119 175 1180 omnia
196 1117 365 1180 ordinibus
388 1119 532 1180 virorum
554 1117 791 1197 mulierumque
813 1119 959 1198 undique
980 1140 1020 1182 ex
1042 1121 1127 1197 agris

62 1217 252 1292 effusorum,
282 1217 368 1280 inter
395 1224 474 1280 vota
501 1237 539 1280 ac
567 1237 676 1296 preces
704 1225 737 1281 et
765 1218 878 1281 laudes
906 1218 1017 1282 ibant:
1056 1219 1127 1280 illos

63 1317 226 1396 praesidia
242 1318 286 1378 rei
302 1316 463 1395 publicae,
481 1317 625 1380 uindices
641 1317 730 1379 urbis
748 1318 918 1381 Romanae
934 1307 1127 1398 imperiique

63 1415 293 1496 appellabant;
313 1417 347 1477 in
360 1415 489 1478 illorum
504 1418 603 1478 armis
618 1418 807 1496 dextrisque
822 1438 917 1480 suam
938 1418 1127 1481 liberorum-

63 1535 126 1596 que
144 1535 280 1578 suorum
297 1515 439 1579 salutem
456 1536 494 1578 ac
512 1516 700 1580 libertatem
718 1518 897 1596 repositam
915 1537 994 1581 esse.
1041 1519 1127 1580 Deos
1146 1537 1161 1582 s

63 1634 176 1678 omnes
202 1614 345 1694 deasque
370 1615 600 1694 precabantur,
627 1624 665 1679 ut
690 1616 751 1678 illis
776 1618 924 1680 faustum
950 1618 1021 1694 iter,
1048 1618 1128 1680 felix

63 1735 185 1794 pugna,
200 1722 331 1778 matura
344 1735 385 1777 ex
398 1714 548 1779 hostibus
562 1717 700 1778 victoria
713 1724 808 1792 esset,
824 1717 1127 1796 damnarenturque

62 1815 123 1894 ipsi
153 1821 319 1889 votorum,
349 1835 434 1894 quae
463 1835 521 1894 pro
550 1813 595 1876 iis
616 1816 845 1895 suscepissent,
876 1823 924 1891 ut,
955 1836 1053 1896 quern
1083 1818 1162 1881 ado

63 1913 200 1976 modum
216 1933 303 1976 nunc
321 1914 450 1977 solliciti
468 1923 743 1994 prosequerentur
759 1935 823 1992 eoa,
843 1917 890 1979 ita
908 1936 1030 1995 paucos
1050 1923 1125 1996 post

63 2015 131 2077 dies
148 2013 228 2093 laeti
244 2015 422 2078 ovantibus
439 2015 577 2077 victoria
594 2015 727 2077 obviam
744 2016 839 2079 irent.
885 2016 1032 2079 Invitare
1050 2018 1125 2079 inde
1148 2033 1174 2078 ro

62 2133 121 2193 pro
144 2133 189 2200 se
202 2114 340 2193 quisque
363 2121 396 2177 et
420 2113 534 2177 offerre
557 2122 590 2177 et
620 2116 759 2193 fatigare
783 2115 942 2194 precibus,
966 2124 1015 2190 ut,
1041 2136 1125 2195 quae

61 2214 139 2293 ipsis
154 2214 375 2293 iumentisque
389 2215 462 2276 usui
476 2222 594 2289 essent,
611 2214 656 2276 ab¹
668 2234 701 2278 se
716 2215 927 2293 potissimum
941 2224 1125 2294 sumerent,·

60 2313 201 2391 benigne
219 2313 328 2375 omnia
348 2313 515 2376 cumulata
535 2314 622 2378 dare.
667 2314 825 2378 Modestia
849 2322 972 2378 certare
994 2315 1123 2392 milites,
1147 2331 1173 2376 11

60 2433 101 2477 ne
120 2412 202 2493 quid
220 2412 307 2475 ultra
326 2432 423 2475 usum
441 2415 660 2476 necessarium
679 2421 861 2490 sumerent,
892 2413 971 2475 nihil
993 2416 1122 2492 morari,

59 2533 119 2576 nec
137 2512 180 2574 ab
199 2512 298 2590 signis
316 2512 406 2575 abire
423 2532 483 2575 nec
500 2513 676 2577 subsistere
695 2513 805 2598 cibum
824 2515 1005 2592 capientes;
1037 2515 1124 2576 diem

60 2633 97 2674 ac
113 2619 247 2675 noctem
261 2612 322 2688 ire;
349 2613 407 2674 vix
422 2613 511 2692 quod
526 2614 606 2676 satis
620 2614 664 2675 ad
678 2614 828 2676 naturale
843 2615 1039 2677 desiderium
1055 2635 1123 2677 cor-

60 2732 180 2791 porum
192 2719 287 2787 esset,
302 2712 404 2791 quieti
419 2713 506 2775 dare.
552 2713 596 2776 Et
609 2713 652 2775 ad
664 2713 821 2790 collegam
834 2715 1002 2792 praemissi
1016 2722 1121 2790 erant,
1145 2731 1173 2776 12

59 2813 116 2892 qui
143 2812 336 2875 nuntiarent
363 2812 546 2875 adventum
573 2819 939 2893 percunctarenturque,
969 2814 1053 2875 clam
1079 2835 1122 2876 an

59 2910 181 2990 palam,
199 2911 342 2974 interdiu
359 2931 401 2973 an
417 2919 519 2975 noctu
535 2913 645 2975 venire
661 2931 729 2975 sese
745 2912 854 2988 vellet,
871 2913 975 2976 isdem
991 2933 1033 2975 an
1051 2914 1122 2976 aliis

60 3011 226 3074 considere
249 3012 372 3074 castris,
418 3012 522 3075 Nocte
545 3011 629 3073 clam
649 3012 773 3090 ingredi
795 3013 908 3075 melius
930 3013 1038 3076 visum
1059 3021 1141 3076 est..

99 3111 235 3173 Tessera
264 3130 322 3188 per
351 3117 458 3173 castra
491 3111 533 3173 ab
566 3112 659 3173 Livio
692 3111 823 3175 consule
857 3112 937 3175 data
968 3119 1050 3190 erat,
1081 3120 1171 3176 ut4o

59 3210 212 3273 tribunus
230 3210 410 3286 tribunum,
430 3212 575 3274 centurio
594 3212 828 3288 centurionem,
846 3233 944 3292 eques
961 3214 1117 3293 equitem,

59 3311 157 3389 pedes
175 3310 321 3388 peditem
337 3311 515 3390 acciperet:
539 3331 644 3390 neque
661 3312 746 3374 enim
763 3312 893 3374 dilatari
912 3319 1019 3377 castra
1036 3334 1118 3392 opus
1139 3328 1154 3372 2

58 3429 136 3486 esse,
150 3429 191 3471 ne
201 3409 304 3471 hostis
318 3410 500 3473 adventum
517 3410 650 3473 alterius
664 3411 802 3473 consulis
812 3412 964 3488 sentiret;
986 3419 1019 3475 et
1031 3432 1118 3474 coar-

59 3510 142 3572 tatio
160 3508 304 3588 plurium
321 3509 355 3569 in
374 3516 513 3586 angusto
532 3510 739 3572 tendentium
757 3510 884 3572 facilior
900 3512 1013 3574 futura
1035 3518 1117 3586 erat,
