2496 3908
62 261 299 327 caracae]
519 262 637 333 vmvr
1058 249 1120 314 101

61 436 212 516 Capuam
246 457 349 516 posse,
383 457 425 500 ne
458 457 534 499 suos
568 457 699 517 quoque
734 446 935 501 commeatus
970 437 1157 502 interclu-‘r

62 536 178 601 derent
198 537 276 599 novi
297 524 453 613 consules,
474 537 647 600 abscedere
671 538 763 600 irrito
787 539 918 617 incepto
938 544 972 600 et
992 558 1122 601 movere

62 657 82 698 a
115 636 229 716 Capua
261 637 381 699 statuit
415 641 532 700 castra.
576 635 682 699 Multa
714 657 834 714 secum,
869 657 1015 716 quonam
1045 638 1156 700 indes

61 737 108 800 ire
144 743 303 816 pergeret,
340 735 487 799 volventi
522 737 624 799 subiit
659 737 807 799 animum
843 737 985 817 impetus
1021 744 1121 817 caput

61 837 172 918 ipsum
199 837 274 900 belli
302 837 445 899 Romam
472 837 615 916 petendi,
645 837 736 899 cuius
763 837 808 900 rei
836 857 963 916 semper
991 837 1120 917 cupitae

61 938 328 1018 praetermissam
354 937 558 1001 occasionem
584 945 659 1017 post
685 938 890 1000 Cannensem
916 957 1061 1017 pugnam
1086 944 1120 1000 et

62 1039 117 1100 alii
141 1037 241 1117 vulgo
264 1037 449 1100 fremebant
472 1043 506 1100 et
529 1038 598 1116 ipse
621 1056 688 1098 non
712 1037 956 1100 dissimulabat:
991 1038 1120 1117 necopi·
1139 1053 1154 1095 4

61 1145 142 1200 nato
164 1157 287 1217 pavore
309 1157 346 1200 ac
368 1136 515 1200 tumultu
536 1157 603 1199 non
624 1157 692 1200 esse
714 1136 954 1216 desperandum
975 1137 1120 1217 aliquam

62 1243 193 1317 partem
221 1236 311 1299 urbis
341 1237 493 1316 occupari
524 1256 617 1316 posse
625 1257 634 1314 ;
675 1243 719 1313 et,
751 1237 777 1297 si
808 1236 915 1298 Roma
945 1237 978 1297 in
1010 1237 1154 1298 discri·5

62 1337 150 1400 mine
173 1343 269 1412 esset,
294 1336 442 1416 Capuam
466 1336 632 1415 extemplo
657 1337 832 1398 omissuros
856 1343 914 1398 aut
939 1336 1037 1399 ambo
1061 1337 1120 1398 im·

62 1443 230 1516 peratores
252 1436 420 1499 Romanos
442 1443 501 1499 aut
523 1435 663 1499 alterum
684 1457 726 1499 ex
746 1437 795 1511 iis,
818 1442 861 1513 et,
884 1437 910 1497 si
933 1436 1119 1499 divisissent

63 1537 184 1615 copias,
206 1543 384 1616 utrumque
405 1536 616 1598 infirmiorem
637 1536 763 1598 factum
785 1542 843 1599 aut
864 1536 925 1597 sibi
947 1542 1005 1598 aut
1026 1535 1120 1598 Cam-

62 1637 157 1716 panis
176 1636 259 1699 bene
279 1636 438 1714 gerendae
458 1637 502 1698 rei
522 1636 691 1698 fortunam
710 1636 845 1698 daturos
864 1655 943 1699 esse.
989 1635 1063 1697 Una
1081 1656 1120 1698 ea

62 1756 140 1799 cura
163 1735 316 1814 angebat,
340 1756 391 1810 ne,
415 1735 471 1797 ubi
494 1735 712 1810 abscessisset,
735 1735 901 1814 extemplo
925 1735 1155 1798 dederenturo

60 1836 233 1915 Campani.
273 1835 459 1897 Numidam
500 1841 692 1914 promptum
733 1835 776 1896 ad
817 1835 927 1896 omnia
969 1832 1120 1897 audenda

61 1935 255 2014 agendaque
274 1935 367 1996 donis
385 1935 522 2014 perlicit,
542 1940 579 1996 ut
597 1934 714 1996 litteris
733 1934 874 2013 acceptis
892 1935 998 2012 specie
1015 1940 1121 1995 trans-

61 2035 159 2114 fugae
177 2041 284 2097 castra
300 2034 452 2096 Romana
467 2035 629 2111 ingressus
645 2034 748 2096 altera
765 2040 857 2113 parte
875 2034 958 2095 clam
973 2033 1121 2112 Capuam

61 2135 235 2214 pervadat.
281 2135 426 2197 Litterae
458 2141 571 2196 autem
603 2141 697 2197 erant
730 2124 961 2197 adhortatione
990 2134 1155 2213 plenae:r

61 2235 299 2314 profectionem
312 2254 417 2309 suam,
432 2254 516 2313 quae
529 2234 682 2296 salutaris
695 2233 756 2295 illis
769 2233 863 2309 foret,
878 2233 1121 2296 abstracturam

60 2335 104 2397 ad
131 2333 373 2397 defendendam
399 2333 542 2395 Romam
568 2333 610 2394 ab
637 2333 858 2412 oppugnanda
884 2332 997 2411 Capua
1023 2333 1121 2396 duces

60 2441 163 2514 atque
199 2435 360 2496 exercitus
396 2433 574 2495 Romanos,
620 2433 669 2496 Ne
704 2433 944 2512 desponderent
979 2433 1105 2495 animos
1113 2453 1156 2509 38

61 2534 235 2598 tolerando
252 2552 374 2612 paucos
391 2533 460 2595 dies
476 2540 585 2595 totam
601 2533 765 2595 soluturos
782 2532 994 2595 obsidionem.
1040 2532 1121 2595 Inde
1141 2551 1156 2595 9

60 2635 156 2696 navis
170 2634 203 2694 in
217 2633 350 2695 flumine
364 2631 528 2695 Vulturno
541 2631 789 2711 comprehensas
800 2632 905 2711 subigi
918 2631 960 2694 ad
973 2633 1017 2708 id,
1033 2631 1122 2711 quod

60 2734 129 2795 iam
140 2739 218 2795 ante
229 2733 381 2812 praesidii
393 2752 491 2794 causa
500 2732 633 2807 fecerat,
647 2731 816 2794 castellum
826 2732 930 2794 iussit.
975 2731 1122 2807 Quarum
1142 2747 1170 2793 10

60 2833 118 2894 ubi
138 2838 270 2895 tantam
290 2833 419 2911 copiam
437 2852 516 2908 esse,
536 2838 574 2894 ut
592 2851 659 2893 una
677 2837 774 2894 nocte
792 2831 885 2894 traici
904 2838 1014 2910 posset
1032 2851 1122 2893 exer·

61 2933 157 3007 citus,
182 2931 331 2993 adlatum
362 2939 423 3007 est,
457 2931 585 2993 cibariis
618 2930 730 2994 decem
762 2931 888 2994 dierum
920 2931 1122 3010 praeparatis

61 3031 221 3095 deductas
237 3038 334 3093 nocte
350 3031 393 3093 ad
409 3031 548 3093 fluvium
563 3030 705 3108 legiones
722 3037 799 3093 ante
816 3031 923 3093 lucem
939 3031 1077 3093 traiecit.

104 3131 145 3193 Id
164 3131 356 3210 priusquam
376 3131 478 3206 fieret,
498 3132 546 3192 ita
567 3131 718 3193 futurum
735 3136 939 3210 compertum
957 3150 998 3192 ex
1016 3136 1157 3192 trans-8

60 3230 147 3309 fugis
158 3231 290 3293 Fulvius
302 3230 437 3292 Flaccus
449 3231 578 3293 senatui
590 3230 733 3292 Romam
745 3249 819 3291 cum
831 3230 1021 3308 scripsisset,
1032 3230 1122 3292 varie

62 3330 163 3391 animi
179 3329 350 3391 hominum
366 3350 424 3409 pro
441 3330 597 3409 cuiusque
612 3330 741 3408 ingenio
757 3329 878 3392 adfecti
893 3334 981 3391 sunt.
1027 3329 1073 3391 Ut
1088 3329 1122 3390 in
1141 3336 1156 3382 2

61 3449 95 3493 re
115 3437 186 3493 tam
206 3429 334 3507 trepida
353 3435 471 3492 senatu
490 3429 656 3508 externplo
676 3434 795 3490 vocato
815 3429 851 3489 P.
872 3427 1049 3504 Cornelius,
1071 3429 1122 3490 cui

64 3529 183 3592 Asinae
203 3548 381 3606 cognomen
399 3535 480 3605 erat,
500 3549 612 3591 omnes
631 3529 729 3591 duces
746 3528 973 3607 exercitusque
990 3549 1032 3591 ex
1049 3533 1122 3590 tota
