2496 3908
89 247 193 297 cm
211 248 252 306 ra,
266 246 320 313 ra]
624 245 715 295 mr
1081 233 1147 300 109

90 428 215 484 testate
228 420 430 495 habuissent,
445 441 504 484 neo
518 420 599 501 quid
618 421 697 500 ipsis
716 419 910 501 patiendum
922 421 976 486 sit.
1019 421 1147 500 ‘Quint
1165 437 1182 483 a

90 522 166 583 vos'
180 521 290 600 inquit
302 522 393 583 ‘eam
406 521 608 584 deditionem
626 521 697 584 fore
719 522 867 595 censetis,
881 542 947 603 qua
967 522 1147 604 quondam.

89 627 128 682 ut
143 619 303 682 adversus
316 619 481 682 Samnites
496 620 656 682 auxilium
670 621 931 700 impetraremus,
947 643 1007 686 nos
1021 629 1148 687 nostra·

89 739 155 800 que
183 719 294 781 omnia
310 718 482 783 Romanis
509 720 717 783 dedidimus?
764 721 836 783 Iam
863 742 882 784 e
910 723 1065 786 memoria
1092 739 1183 788 err-o

91 819 199 892 cessit,
219 838 286 900 quo
305 825 453 898 tempore
471 826 505 882 et
525 820 643 900 inqua
662 820 797 883 fortuna
815 842 835 882 a
856 822 977 901 populo
996 822 1149 887 Romano

90 918 329 982 defecerimus?
372 918 455 993 Iam,
474 938 573 999 quem
590 919 634 980 ad
652 920 788 982 modum
805 921 839 980 in
857 920 1039 985 defectione
1058 941 1149 1000 prae-

89 1018 222 1092 sidium,
247 1018 338 1099 quod
361 1025 493 1098 poterat
517 1019 636 1093 emitti,
661 1039 720 1098 per
743 1020 925 1083 cruciatum
948 1027 982 1084 et
1006 1021 1049 1084 ad
1074 1041 1149 1084 con-

90 1117 263 1181 tumeliam
303 1118 510 1181 necarimus?
552 1119 712 1195 Quotiens
753 1120 786 1180 in
827 1119 1008 1184 obsidentis
1048 1137 1185 1201 quamn·

90 1217 221 1281 inimice
248 1219 462 1298 eruperimus,
493 1225 600 1281 castra
630 1219 897 1298 oppugnarimus.
928 1219 1150 1284 Hannibalem

90 1317 319 1381 vocaverimus
349 1318 393 1380 ad
423 1318 656 1397 opprimendos
684 1321 763 1382 eos?
807 1318 890 1387 Hoc,
921 1319 1011 1400 quod
1041 1339 1149 1385 leoen-

90 1418 256 1481 tissimum
275 1424 337 1492 est,
358 1417 402 1478 ad
422 1418 680 1497 oppugnandam
701 1418 843 1481 Romam
863 1418 939 1482 hine
958 1439 1035 1483 eum
1056 1419 1149 1484 mise

91 1517 216 1580 rimus?
259 1518 328 1595 Age
358 1523 483 1591 contra,
513 1537 599 1597 quae
628 1517 673 1579 illi
703 1517 821 1582 infeste
850 1517 884 1580 in
913 1539 973 1582 nos
1001 1519 1184 1595 fecerint?

90 1617 240 1697 repetite,
264 1624 302 1680 ut
325 1637 367 1680 ex
388 1637 437 1691 eo,
461 1616 542 1696 quid
564 1618 711 1697 speretis,
736 1617 896 1682 habeatis.
940 1619 1024 1682 Cum
1045 1619 1150 1684 hostis

90 1718 273 1797 alienigena
294 1717 328 1777 in
351 1715 449 1779 Italia
470 1724 567 1793 esset,
589 1725 624 1780 et
647 1717 814 1780 Hannibal
837 1718 950 1794 hostis,
973 1727 1006 1784 et
1031 1727 1149 1783 cunct-a

90 1816 176 1881 bello
208 1817 370 1891 arderent,
404 1816 531 1879 omissis
562 1816 725 1892 omnibus,
758 1818 879 1881 omisso
915 1819 986 1898 ipso
1023 1818 1149 1881 Hanni-

90 1917 164 1980 bale
194 1916 292 1980 ambo
322 1916 469 1979 consules
497 1923 531 1980 et
553 1917 618 1980 duo
640 1917 825 1981 consulares
844 1919 1006 1982 exercitus
1027 1919 1069 1982 ad
1090 1919 1149 1982 Ca-

91 2037 193 2097 puam
211 2016 470 2097 oppugnandam
487 2017 657 2080 miserunt.
701 2017 996 2082 Alterum-annum
1015 2019 1149 2082 circum·
1168 2032 1184 2079 a

91 2118 233 2180 vallatos
249 2116 456 2197 inclusosque
472 2137 531 2180 nos
548 2117 636 2180 fame
653 2125 832 2193 macerant,
849 2126 883 2182 et
900 2119 961 2198 ipsi
978 2119 1149 2182 nobiscum

90 2217 209 2280 ultima
238 2216 381 2296 pericula
417 2224 451 2280 et
488 2218 697 2296 gravissimos
725 2217 853 2282 labores
882 2219 1035 2298 perpessi,
1066 2219 1149 2282 eirca

90 2316 217 2379 vallum
237 2337 275 2380 ao
296 2317 400 2380 fossas
421 2337 518 2397 saepe
540 2318 696 2381 trucidati
718 2338 756 2381 ao
778 2338 879 2398 prope
901 2318 944 2381 ad
964 2326 1148 2383 extremum

92 2417 207 2480 eastris
225 2417 327 2480 exuti.
372 2417 435 2481 Sed
455 2417 574 2481 omitto
593 2417 691 2481 haee:
721 2425 817 2481 vetus
836 2425 938 2499 atque
956 2419 1080 2482 usitata
1099 2424 1183 2481 res⁹

90 2523 141 2580 est
158 2517 192 2578 in
209 2517 431 2596 oppugnanda
448 2517 594 2580 hostium
610 2517 691 2581 urbe
707 2517 835 2582 labores
852 2538 890 2580 ac
907 2516 1049 2598 pericula
1067 2517 1146 2598 pati.

91 2616 179 2679 Illud
194 2617 260 2679 irae
275 2623 376 2696 atque
391 2617 458 2680 odii
473 2617 681 2680 exsecrabilis
701 2618 972 2698 inexpiabilisque
992 2617 1147 2680 indicium

90 2723 158 2779 est:
202 2716 368 2778 Hannibal
402 2717 588 2795 ingentibus
621 2718 721 2796 copiis
753 2718 902 2797 peditum
933 2717 1147 2798 equitumque
1168 2723 1196 2770 10

92 2822 200 2879 castra
218 2816 423 2895 oppugnavit
441 2823 474 2879 et
491 2837 533 2879 ex
550 2824 644 2896 parte
663 2818 766 2897 oepit:
795 2824 890 2880 tanto
909 2815 1050 2896 periculo
1068 2815 1146 2878 nihil

92 2915 174 2978 moti
207 2922 285 2977 sunt
318 2915 360 2977 ab
394 2916 563 2979 obsidione
571 2937 578 2992 ;
624 2917 790 2996 profectus
824 2924 914 2980 trans
948 2915 1147 2980 Vulturnum

91 3015 232 3096 perussit
263 3015 420 3079 Calenum
451 3035 583 3095 agrum:
625 3017 709 3078 nihil
737 3024 833 3080 tanta
864 3016 1025 3079 sociorum
1057 3014 1147 3079 clade
1168 3021 1195 3069 11

91 3115 222 3178 avocati
238 3122 316 3178 sunt
324 3137 332 3192 3
360 3116 403 3177 ad
418 3115 524 3195 ipsam
540 3115 655 3178 urbem
671 3117 814 3179 Romam
830 3116 949 3179 infesta
964 3115 1056 3194 signa
1072 3114 1146 3179 ferri

91 3215 202 3277 iussit:
225 3235 299 3278 eam
311 3235 441 3295 quoque
454 3222 687 3294 tempestatem
700 3215 925 3278 imminentem
937 3221 1146 3294 spreverunt;

92 3321 311 3392 transgressus
330 3315 489 3376 Anienem
509 3334 641 3376 amnem
660 3316 724 3378 tria
745 3315 833 3376 milia
853 3334 985 3393 passum
1006 3314 1047 3376 ab
1067 3313 1147 3377 urbo

93 3419 199 3475 castra
228 3413 348 3492 posuit,
379 3420 544 3492 postremo
573 3413 613 3474 ad
646 3415 773 3476 moenia
802 3413 873 3493 ipsa
901 3419 935 3476 et
964 3414 1007 3475 ad
1036 3418 1147 3495 portas

92 3513 238 3587 accessit,
271 3512 413 3574 Romam
445 3532 478 3575 se
510 3512 743 3592 adempturum
774 3513 830 3587 eia,
863 3512 924 3574 nisi
956 3512 1146 3576 omitterent
