2496 3908
117 266 180 329 126
348 302 350 307 ν
602 279 691 328 mvr
946 281 1042 347 [soon
1056 282 1172 332 xxvn.

117 452 224 532 plures
263 454 304 516 ab
349 454 427 534 ipsis
474 454 653 517 rectoribus
699 476 801 535 quam
846 457 888 519 ab
935 456 1031 521 hoste
1076 458 1176 522 inter-

116 553 203 616 fecti.
249 554 377 617 Fabrilc
400 554 564 635 scalprum
588 575 663 617 cum
687 555 803 618 malleo
827 556 1012 635 habebant;
1048 558 1092 635 id,
1118 559 1175 621 ubi

116 654 240 717 saevire
273 653 388 717 beluae
422 674 460 716 ac
494 674 586 718 ruere
619 655 653 716 in
686 675 763 718 suos
798 664 983 736 coeperant,
1019 658 1177 737 magister

115 753 201 816 inter
220 774 313 816 aures
333 754 487 833 positum,
508 754 579 833 ipso
598 755 632 815 in
652 755 800 831 articulo,
822 776 887 835 quo
906 757 1055 835 iungitur
1075 759 1174 839 capiti

81 869 95 913 2
117 854 235 930 cervix,
255 861 381 934 quanto
400 854 544 916 maximo
563 861 694 933 poterat
712 855 781 918 ictu
799 855 964 934 adigebat.
1009 857 1060 919 Ea
1079 858 1175 920 eeler-

116 953 197 1015 rima
219 954 272 1015 via
294 954 408 1015 mortis
429 954 463 1014 in
484 959 599 1016 tantae
621 954 714 1016 molis
735 954 831 1017 belua
853 955 989 1018 inventa
1011 963 1093 1032 erat,
1117 957 1173 1019 ubi

115 1054 255 1131 regentis
279 1053 451 1132 imperium
476 1053 684 1132 sprevissent,
712 1055 900 1133 primusque
924 1055 959 1117 id
984 1055 1173 1118 Hasdrubal

115 1153 313 1228 instituerat,
341 1153 409 1215 dux
434 1173 509 1215 oum
533 1173 629 1232 saepe
655 1153 734 1215 alias
760 1153 990 1230 memorabilis,
1017 1160 1091 1217 tum
1116 1155 1172 1217 illa

79 1253 287 1332 3praecipue
319 1272 438 1331 pugna.
484 1252 542 1314 Ille
574 1259 758 1331 pugnantes
789 1252 953 1315 hortando
985 1254 1174 1334 pariterque

115 1352 265 1415 obeundo
281 1352 422 1431 pericula
435 1352 602 1427 sustinuit,
617 1352 670 1414 ille
684 1352 785 1414 fessos
799 1352 1048 1432 abnuentesque
1062 1355 1174 1417 taedio

114 1458 147 1514 et
169 1452 279 1542 labore
301 1472 387 1513 nunc
409 1451 573 1530 precando
595 1471 682 1513 nuno
706 1451 896 1529 castigando
919 1452 1086 1533 accendit;
1121 1453 1174 1516 ille

114 1552 275 1630 fugientes
307 1551 474 1613 revocavit
506 1552 726 1630 omissamque
758 1571 903 1630 pugnam
935 1550 1062 1631 aliquot
1094 1552 1174 1615 locis

78 1652 274 1727 arestituit;
314 1657 489 1730 postremo,
519 1671 593 1713 cum
621 1650 710 1712 haud
738 1650 836 1712 dubie
863 1651 997 1713 fortuna
1025 1651 1173 1714 hostiurn

114 1758 208 1826 esset,
234 1771 274 1813 ne
300 1756 462 1829 superstes
488 1756 583 1812 tanto
608 1749 765 1812 exercitui
790 1769 887 1812 suum
912 1770 1032 1812 nomen
1058 1758 1173 1814 secuto

114 1857 207 1925 esset,
232 1851 395 1912 concitato
417 1870 501 1928 equo
523 1870 556 1912 se
578 1849 611 1910 in
634 1848 800 1911 cohortem
823 1849 1009 1910 Romanam
1024 1849 1172 1913 immisit.

115 1950 175 2025 lbi,
194 1957 231 2013 ut
249 1956 342 2029 patre
360 1949 545 2011 Hamilcare
562 1955 595 2011 et
613 1948 799 2010 Hannibale
815 1948 917 2011 fratre
935 1949 1072 2026 dignum
1089 1957 1171 2026 erat,

115 2070 263 2128 pugnans
280 2049 405 2112 cecidit.
974 2050 989 2074 ⁸

78 2169 92 2212 5
156 2150 346 2229 Numquam
372 2169 410 2211 eo
437 2148 522 2211 bello
549 2169 615 2210 una
642 2149 710 2211 acie
738 2154 871 2209 tantum
898 2148 1044 2211 hostium
1071 2149 1172 2212 inter-

113 2250 237 2311 fectum
260 2256 319 2324 est,
343 2249 536 2327 redditaque
560 2268 665 2326 aequa
687 2248 848 2310 Cannensi
873 2247 980 2310 clades
1004 2248 1055 2311 vel
1080 2249 1172 2312 ducis

78 2368 92 2411 c
114 2349 164 2411 vel
182 2349 342 2411 exercitus
359 2349 494 2410 interitu
512 2347 696 2410 videbatur.
742 2347 990 2426 Quinquaginta
1007 2369 1065 2411 sex
1082 2350 1172 2411 milia

114 2449 258 2511 hostium
291 2449 406 2522 occisa,
431 2453 528 2526 capta
562 2447 707 2525 quinque
742 2447 830 2508 milia
864 2454 897 2510 et
920 2447 1153 2527 quadringenti
1163 2469 1170 2524 ;

115 2568 232 2626 magna
257 2548 377 2626 praeda
402 2547 464 2609 alia
490 2568 564 2609 curn
588 2549 694 2610 omnis
718 2548 853 2626 generis,
878 2554 951 2610 tum
975 2547 1045 2609 auri
1070 2548 1171 2610 etiam

78 2667 91 2711 r
114 2649 314 2726 argentique,
359 2647 487 2708 Civium
509 2648 610 2710 etiam
632 2648 868 2721 Romanorum,
891 2647 947 2726 qui
971 2647 1058 2725 capti
1082 2647 1171 2726 apud

113 2747 223 2810 hostes
243 2754 346 2821 erant,
368 2767 466 2825 supra
487 2753 646 2825 quattuor
666 2749 755 2809 milia
777 2748 923 2826 capitum
944 2754 1084 2825 recepta.
1131 2747 1171 2808 Id

114 2847 222 2908 solacii
242 2848 304 2909 fuit
325 2868 382 2925 pro
402 2848 527 2909 amissis
546 2868 584 2910 eo
604 2848 726 2926 proelio
746 2848 914 2909 militibus.
960 2847 1046 2907 Nam
1066 2846 1170 2909 haud·

78 2966 282 3025 equaquam
304 2948 473 3008 incruenta
497 2948 634 3009 victoria
657 2947 737 3009 fuit:
771 2954 845 3009 octo
869 2948 969 3009 ferme
993 2946 1081 3008 milia
1105 2946 1170 3008 Ro·

115 3066 286 3107 manorum
313 3048 539 3125 sociorumque
567 3048 671 3109 occisa
680 3069 687 3123 ;
727 3048 874 3124 adeoque
901 3047 1002 3108 etiam
1029 3046 1170 3108 victores

114 3146 279 3224 sanguinis
300 3147 471 3226 caedisque
491 3153 620 3225 ceperat
639 3146 785 3220 satietas
805 3152 843 3206 ut
863 3152 992 3223 postero
1013 3145 1074 3220 die,
1096 3165 1170 3207 curn

113 3253 198 3309 esset
218 3247 410 3309 nuntiatum
432 3247 524 3308 Livio
547 3245 669 3308 consuli
690 3244 800 3308 Gallos
820 3244 1000 3322 Cisalpinos
1023 3245 1170 3322 Ligures-

114 3367 188 3426 que,
217 3347 272 3427 qui
301 3354 359 3410 aut
387 3347 508 3426 proelio
536 3367 601 3408 non
629 3345 810 3408 adfuissent
838 3350 897 3405 aut
924 3344 1009 3406 inter
1037 3345 1170 3407 caedem

113 3448 313 3526 effugissent,
332 3467 397 3509 uno
416 3447 543 3524 agmine
562 3445 650 3507 abire
668 3445 736 3506 sine
755 3451 842 3506 certo
861 3443 952 3516 duce,
972 3444 1040 3505 sine
1058 3444 1168 3521 signis,

110 3549 182 3610 sine
197 3548 308 3609 ordine
323 3547 388 3608 ullo
403 3553 461 3607 aut
475 3546 610 3624 imperio
619 3565 626 3620 ;
652 3545 678 3605 si
693 3564 758 3605 una
772 3542 922 3622 equitum
936 3543 988 3603 ala
1003 3543 1168 3615 mittatur,
