2496 3908
88 255 191 305 onim.
206 255 232 315 2,
246 254 271 315 a,
285 253 326 319 4.]
439 232 443 238 ’
578 253 667 303 arur
1110 242 1146 307 71

89 429 246 493 ostendit.
292 429 482 504 Flaminius,
511 430 566 509 qui
594 450 635 492 ne
662 430 774 510 quieto
802 430 935 510 quidem
962 431 1056 492 hoste
1083 429 1185 508 ipset

88 531 263 610 quieturus
288 537 369 604 erat,
395 536 468 598 ⁴tum
495 550 582 605 vero,
609 536 786 610 postquam
812 550 862 592 res
886 531 1048 592 sociorum
1074 535 1151 591 ante

89 631 202 693 oculos
228 649 329 709 prope
355 649 431 692 suos
457 629 533 692 ferri
549 630 676 709 agique
703 630 800 705 vidit,
828 650 924 692 suum
951 630 984 691 id
1011 629 1151 691 dedecus

89 737 193 805 ratus
223 749 282 808 per
308 729 451 810 mediam
480 730 545 791 iam
574 729 707 792 ltaliam
735 730 847 807 vagari
876 731 1023 791 Poenum
1051 735 1151 809 atque

89 830 273 892 obsistente
289 829 377 890 nullo
394 828 437 890 ad
454 829 524 906 ipsa
542 829 692 890 Romana
710 829 839 890 moenia
857 829 902 890 ire
919 829 1150 906 oppugnanda,

90 929 207 992 ceteris
224 929 376 990 omnibus
393 929 426 989 in
444 928 576 989 consilio
593 928 750 990 salutaria
768 929 871 1006 magis
888 948 988 1007 quarn
1006 930 1151 1006 speciosa
1172 943 1186 986 a

88 1028 323 1092 suadentibus:
343 1027 499 1105 collegam
514 1027 783 1106 exspectandum,
800 1034 838 1089 ut
860 1028 1040 1089 coniunctis
1063 1049 1151 1091 exer-

90 1128 212 1191 citibus
230 1127 395 1190 communi
417 1127 527 1188 animo
549 1127 745 1206 consilioque
763 1146 830 1188 rem
848 1134 1004 1204 gererent,
1023 1128 1152 1190 interim
1172 1140 1187 1184 a

88 1228 245 1307 equitatu
264 1227 462 1306 auxiliisque
480 1226 602 1288 levium
618 1246 783 1287 armorum
799 1227 841 1287 ab
855 1226 958 1288 effusa
973 1227 1152 1305 praedandi

89 1327 226 1390 licentia
252 1325 381 1388 hostem
408 1325 637 1401 cohibendum,
666 1326 769 1387 iratus
795 1345 828 1388 se
854 1346 895 1387 ex
922 1327 1053 1388 consilio
1080 1347 1152 1405 pro-

88 1427 192 1506 ripuit
227 1426 422 1505 signumque
455 1425 550 1487 simul
585 1425 710 1487 itineris
743 1445 937 1505 pugnaeque
972 1445 1045 1487 oum
1080 1447 1152 1505 pro-

89 1527 266 1606 posuisset,
290 1526 414 1587 ‘Immo
437 1525 545 1586 Arreti
568 1531 646 1586 ante
668 1525 797 1588 moenia
820 1525 1004 1587 sedeamus'
1029 1526 1135 1605 inquit
1143 1547 1151 1602 ;
1174 1540 1202 1584 1o

90 1627 160 1688 ‘hie
185 1626 275 1688 enim
298 1626 406 1704 patria
431 1631 464 1687 et
489 1631 626 1703 penates
650 1631 738 1686 sunt.
784 1625 950 1686 Hannibal
975 1627 1111 1688 emissus
1135 1647 1152 1688 e

90 1725 246 1788 manibus
276 1724 511 1804 perpopuletur
541 1725 675 1785 Italiam
706 1724 934 1803 vastandoque
964 1731 997 1786 et
1028 1725 1152 1787 urendo

90 1825 204 1888 omnia
225 1823 268 1886 ad
290 1824 442 1886 Romana
463 1824 592 1885 moenia
614 1823 795 1902 perveniat,
818 1843 876 1885 neo
898 1829 975 1885 ante
997 1845 1056 1886 nos
1078 1825 1152 1886 hinc

90 1925 292 1988 moverimus
317 1944 427 2003 quam,
453 1924 538 1985 sicut
563 1924 640 1985 olim
664 1922 838 1985 Camillum
863 1944 882 1984 a
908 1925 993 1999 Veis
1019 1925 1053 1986 C.
1080 1925 1152 1988 Fla-

90 2026 231 2100 minium
272 2024 315 2086 ab
356 2023 485 2085 Arretio
527 2029 637 2101 patres
679 2023 878 2084 acciverint.'
925 2024 1015 2086 Haec
1057 2026 1151 2087 simul
1175 2036 1200 2080 11

91 2127 264 2204 increpans
294 2143 368 2185 curn
398 2123 487 2185 ocius
516 2123 607 2201 signa
638 2123 776 2184 convelli
805 2123 931 2185 iuberet
960 2130 993 2185 et
1023 2125 1091 2203 ipse
1120 2127 1153 2186 in

90 2244 216 2305 equum
247 2223 434 2298 insiluisset,
468 2242 572 2302 equus
604 2229 737 2301 repente
770 2223 890 2284 corruit
923 2224 1153 2304 consulemque

90 2326 223 2404 lapsum
242 2343 340 2402 super
360 2330 460 2401 caput
480 2322 607 2384 effudit.
652 2322 786 2384 Territis
806 2323 968 2398 omnibus
991 2325 1047 2403 qui
1069 2326 1152 2386 circa
1174 2336 1201 2380 12

91 2431 197 2500 erant,
213 2423 305 2486 velut
320 2422 416 2485 foedo
432 2422 540 2483 omine
555 2421 758 2500 incipiendae
774 2422 818 2483 rei
834 2423 965 2500 insuper
980 2425 1153 2486 nuntiatur

91 2527 222 2603 signum
259 2523 347 2585 omni
385 2523 417 2582 vi
455 2522 609 2584 moliente
645 2522 796 2599 signifero
834 2523 970 2584 convelli
1008 2525 1150 2602 nequire.

90 2625 276 2687 Conversus
294 2622 337 2684 ad
355 2622 510 2683 nuntium
528 2621 634 2682 ‘Num
653 2622 780 2683 litteras
799 2623 944 2701 quoque'
966 2623 1073 2702 inquit
1093 2624 1151 2685 ‘ab
1173 2636 1201 2680 13

92 2730 210 2788 senatu
232 2722 350 2797 adfers,
372 2741 457 2802 quae
477 2740 530 2783 me
550 2741 618 2783 rem
638 2741 746 2799 gerere
767 2724 904 2783 vetent?
937 2722 1001 2797 abi,
1024 2725 1150 2798 nuntia,

92 2823 253 2887 effodiant
274 2823 413 2900 signum,
437 2821 463 2882 si
486 2821 528 2882 ad
552 2820 799 2882 convellendum
822 2841 939 2883 manus
961 2842 1038 2900 prae
1061 2831 1152 2885 metu

93 2923 357 3002 obtorpuerunt.y
402 2920 556 2982 Incedere
578 2920 654 2982 inde
676 2940 792 2998 agmen
816 2922 922 2999 coepit
945 2922 1150 2999 primoribus,
1173 2935 1201 2980 14

93 3041 311 3102 superquam
331 3020 420 3100 quod
441 3020 660 3082 dissenserant
680 3021 723 3081 ab
745 3021 887 3095 oonsilio,
910 3022 1031 3083 territis
1051 3023 1151 3084 etiam

95 3122 215 3202 duplici
234 3120 392 3200 prodigio,
412 3119 515 3181 milite
532 3120 565 3179 in
582 3119 699 3197 vulgus
716 3120 803 3182 laeto
820 3120 939 3182 ferocia
957 3121 1058 3197 duciS,
1078 3142 1151 3184 cum

94 3242 185 3302 spem
200 3221 305 3299 magis
321 3221 426 3298 ipsam
442 3238 542 3297 quarn
560 3238 691 3280 causam
707 3219 775 3296 spei
791 3220 982 3282 intueretur.

136 3320 304 3384 Hannibal
326 3319 415 3398 quod
436 3319 504 3396 agri
525 3325 575 3380 est
596 3319 681 3379 inter
701 3318 878 3380 Cortonam
898 3320 1013 3382 urbem
1034 3322 1186 3384 Trasu-4

95 3439 317 3499 manuumque
334 3418 441 3480 lacurn
459 3418 548 3479 omni
567 3417 657 3478 clade
674 3417 749 3479 belli
766 3425 946 3496 pervastat,
965 3439 1030 3499 quo
1049 3423 1151 3500 magis

96 3521 175 3583 iram
198 3519 287 3582 hosti
310 3517 352 3580 ad
376 3515 590 3578 vindicandas
613 3517 774 3578 sociorum
797 3517 930 3579 iniurias
952 3526 1060 3581 acuat.
1106 3522 1151 3584 Et
1172 3539 1186 3582 a
