2496 3908
114 214 177 279 100
597 231 687 281 nrvr
808 206 811 214 ⁴
962 232 1062 299 [soon
1075 234 1168 284 xxm

114 412 188 468 octo
221 405 309 467 milia
342 406 511 469 hominum
544 406 585 469 de
617 407 812 470 Hannibalis
844 408 999 484 exercitu,
1034 410 1097 471 tria
1128 430 1169 473 ex

113 506 287 586 Campanis
328 506 475 583 tradunt,
517 507 673 586 signaque
712 507 1035 588 Carthaginiensibus
1076 511 1168 589 quin-

77 607 217 670 odecim
254 607 420 686 adempta,
457 606 684 687 duodeviginti
721 606 906 686 Campanis.
951 609 1051 688 Apud
1089 609 1167 673 alios

113 726 321 788 nequaquam
349 713 479 769 tantam
506 708 625 769 molem
653 726 781 786 pugnae
808 708 918 770 inveni
945 707 1085 789 plusque
1112 731 1167 790 pa-

112 808 198 869 voris
225 828 324 887 quam
352 807 537 871 certaminis
564 808 672 884 fuisse,
701 827 775 870 oum
803 808 972 888 inopinato
999 810 1033 871 in
1061 818 1167 873 castra

113 907 263 969 Romana
302 908 464 971 Numidae
504 907 708 989 Hispanique
748 927 821 970 cum
860 907 1044 987 elephantis
1088 911 1166 973 irru-

63 1008 245 1087 rupissent,
276 1008 442 1088 elephanti
472 1029 530 1088 pcr
559 1007 667 1071 media
698 1015 804 1071 castra
835 1008 994 1072 vadentes
1024 1016 1167 1089 stragem

113 1107 396 1170 tabernaculorum
420 1109 544 1186 ingenti
568 1109 677 1170 sonitu
701 1128 738 1170 ac
762 1108 875 1187 fugam
899 1108 1167 1188 abrumpentium

63 1217 90 1262 11
112 1208 241 1269 vincula
273 1208 492 1270 iumentorum
523 1207 684 1284 facerent3
727 1208 877 1270 fraudem
908 1227 1040 1288 quoque
1071 1230 1168 1289 super

112 1308 292 1370 tumultum
318 1308 480 1370 adiectam
506 1308 656 1369 immissis
682 1308 724 1369 ab
747 1308 943 1383 Hannibale,
967 1309 1024 1388 qui
1051 1309 1167 1373 habitu

112 1408 227 1470 Italico
259 1409 350 1486 gnari
382 1409 519 1471 Latinae
551 1409 679 1486 linguae
712 1408 861 1471 iuberent
894 1408 1065 1471 consulum
1098 1430 1167 1472 ver-

111 1507 170 1583 bis,
206 1510 361 1587 quoniam
395 1509 513 1571 amissa
549 1516 655 1571 castra
689 1515 807 1584 essent,
842 1529 901 1587 pro
935 1528 969 1571 se
1004 1529 1167 1590 quemque

62 1618 90 1664 12
112 1607 253 1669 militum
279 1609 311 1669 in
336 1609 500 1686 proximos
524 1615 652 1671 montes
674 1608 800 1686 fugere;
842 1608 899 1671 sed
925 1628 999 1670 eam
1023 1609 1168 1672 celeriter

110 1708 276 1784 cognitam
298 1708 447 1771 fraudem
468 1697 723 1787 oppressamque
745 1727 864 1786 magna
887 1708 985 1771 caede
1005 1707 1167 1784 hostium;

62 1823 91 1869 13
111 1807 301 1886 elephantos
328 1809 394 1885 igni
420 1828 438 1870 e
466 1808 579 1870 castris
605 1814 748 1870 exactos.
781 1809 867 1870 ·Hoc
894 1808 1169 1871 ultimum—ut-

110 1926 248 1985 cumque
278 1908 398 1969 initum
427 1908 623 1987 finitumque
652 1914 847 1970 est—ante
877 1908 1080 1971 deditionem
1109 1909 1168 1972 Ca-

112 2025 196 2084 puae
221 2006 378 2084 proelium
401 2007 475 2069 luit.
520 2007 630 2070 Medix
654 2008 788 2083 tuticus
814 2007 870 2087 qui
894 2026 1042 2070 summus
1067 2009 1168 2088 magi-

112 2112 235 2168 stratus
264 2107 353 2185 apud
381 2107 565 2186 Campanos
594 2113 654 2184 est,
683 2128 721 2170 eo
751 2127 837 2170 anno
866 2108 1005 2187 Seppius
1035 2109 1168 2172 Loesius

62 2224 91 2269 14
111 2212 192 2281 erat,
231 2206 301 2268 loco
339 2206 476 2269 obscuro
514 2208 671 2286 tenuique
708 2207 842 2270 fortuna
880 2213 982 2269 ortus.
1027 2208 1169 2272 Matrem

111 2307 179 2368 eius
215 2306 382 2386 quondam
417 2327 475 2386 pro
510 2307 633 2387 pupillo
668 2328 707 2370 eo
741 2314 973 2386 procurantem
1007 2307 1168 2371 familiare

112 2413 289 2481 ostentum,
325 2426 398 2468 cum
431 2408 650 2486 respondisset
683 2407 847 2487 haruspex
879 2426 1046 2469 summum
1080 2409 1168 2488 quod

112 2513 195 2569 esset
223 2506 395 2585 imperium
422 2507 553 2585 Capuae
581 2513 817 2586 perventurum
844 2507 888 2569 ad
914 2527 990 2570 eum
1018 2526 1167 2586 puerum,

63 2619 91 2664 15
112 2606 191 2667 nihil
223 2607 266 2668 ad
296 2627 369 2669 eam
400 2627 491 2685 spem
527 2608 782 2684 adgnoscentem
814 2608 933 2670 dixisse
969 2607 1080 2669 lerunt
1112 2609 1169 2669 ‘ne

113 2714 149 2769 tu
172 2707 316 2785 perditas
338 2726 387 2768 res
408 2707 651 2785 Campanorum
672 2727 795 2783 narras
818 2708 874 2770 ubi
896 2726 1044 2769 summus
1065 2706 1170 2769 honos

63 2817 91 2862 16
113 2806 155 2867 ad
179 2806 281 2867 filium
306 2827 413 2868 meum
432 2807 621 2885 perveniet!
678 2808 727 2890 Ea
750 2806 930 2869 ludificatio
949 2807 1017 2870 veri
1040 2813 1075 2869 et
1099 2806 1170 2886 ipsa

113 2907 146 2967 in
175 2926 289 2967 verum
318 2907 418 2993 vertit
426 2927 433 2983 ;
474 2926 552 2968 nam
581 2927 656 2969 curn
683 2907 770 2973 fame
799 2907 948 2985 ferroque
976 2913 1171 2984 urgerentur

113 3026 172 3068 nec
191 3026 264 3084 spes
284 3005 350 3067 ulla
370 3013 551 3085 superesset
571 3007 642 3069 sisti
663 3026 766 3085 posse,
787 3006 835 3081 iia,
857 3007 913 3084 qui
933 3005 1004 3068 nati
1024 3006 1057 3066 in
1078 3025 1170 3084 spem

64 3119 92 3165 17
113 3105 274 3167 honorum
290 3112 393 3182 erant,
411 3106 549 3169 honores
567 3105 836 3180 detrectantibus,
854 3105 987 3167 Loesius
1004 3104 1170 3184 querendo

114 3206 276 3268 desertam
304 3225 341 3266 ac
369 3206 534 3284 proditam
561 3227 579 3267 a
607 3205 802 3284 primoribus
829 3204 976 3282 Capuam
1003 3224 1170 3267 summum

115 3305 344 3383 magistratum
363 3305 499 3367 ultimus
518 3296 665 3366 omnium
684 3304 926 3382 Campanorum
947 3304 1042 3382 cepit.

80 3417 99 3466 7
155 3406 308 3468 Ceterum
344 3404 509 3466 Hannibal
541 3411 579 3466 ut
609 3424 668 3466 nec
703 3403 806 3465 hostis
837 3403 907 3464 elici
947 3404 1088 3481 amplius
1128 3402 1171 3465 ad

116 3525 260 3586 pugnam
294 3504 377 3566 vidit
411 3524 517 3583 neque
551 3523 608 3584 per
642 3509 748 3565 castra
781 3523 894 3565 eorum
928 3504 1093 3583 perrumpi
1128 3503 1172 3565 ad
