2496 3908
56 251 162 300 Cnars.
177 247 203 308 3,
216 245 241 308 4,
256 246 296 311 5.]
550 245 640 294 LIVY
1078 233 1120 298 97

59 421 228 484 cotidiana
251 420 331 483 satis
352 419 514 499 intrepide
533 420 601 482 fieri
621 420 728 483 visum
752 426 812 498 est,
833 421 867 483 in
891 440 1044 501 campum
1065 420 1120 500 qui

59 520 188 584 medius
210 521 296 583 inter
316 526 422 582 castra
444 538 639 599 murumque
660 526 742 597 erat,
765 520 922 583 adversus
943 521 1156 584 instructosr

59 620 305 699 Campanorum
324 619 452 698 equites
471 626 707 698 processerunt,
729 626 773 696 et,
795 620 852 682 ubi
872 619 914 682 ad
936 620 1121 683 coniectum

58 720 117 783 teli
142 725 281 782 ventum
304 725 364 795 est,
390 719 481 798 signo
505 718 584 781 dato
609 718 723 782 velites
747 718 912 783 desiliunt.
957 720 1120 784 Pedestris

60 819 137 883 inde
153 819 238 882 acies
252 838 294 881 ex
308 819 460 898 equitatu
475 825 608 898 repente
623 819 656 880 in
671 818 817 882 hostium
832 820 958 899 equites
973 820 1119 910 incurrit,

59 919 233 999 iaculaque
254 939 328 981 cum
348 919 474 998 impetu
494 918 558 981 alia
578 939 676 998 super
695 919 758 981 alia
779 920 948 982 emittunt.
994 919 1120 995 Quibus
1140 936 1155 980 a

57 1019 208 1099 plurimis
236 1019 269 1080 in
297 1038 398 1098 equos
426 1018 578 1098 virosque
606 1019 727 1098 passim
757 1018 911 1081 coniectis
939 1018 1119 1098 permultos

58 1118 325 1195 volneraverunt,
357 1119 488 1198 pavoris
519 1126 631 1181 tamen
661 1119 736 1197 plus
765 1138 807 1181 ex
836 1139 870 1181 re
901 1139 987 1182 nova
1018 1124 1119 1198 atque

58 1219 231 1298 inopinata
254 1217 411 1281 iniectum
433 1224 494 1295 est,
519 1224 552 1281 et
576 1219 609 1279 in
631 1217 817 1298 perculsum
840 1217 968 1281 hostem
991 1219 1119 1298 equites

58 1319 182 1382 invecti
194 1319 307 1397 fugam
320 1324 527 1397 stragemque
539 1338 652 1381 eorum
664 1338 767 1398 usque
779 1318 822 1380 ad
835 1323 947 1396 portas
959 1319 1116 1380 fecerunt.
1138 1336 1154 1382 a

57 1418 142 1481 Inde
163 1418 316 1497 equitatu
338 1437 469 1498 quoque
490 1418 637 1497 superior
658 1418 809 1480 Romana
831 1438 881 1480 res
901 1418 975 1481 luit.
1020 1418 1118 1480 Insti-

57 1525 181 1594 tutum,
196 1524 233 1580 ut
247 1517 362 1580 velites
375 1517 408 1578 in
421 1516 602 1596 legionibus
614 1524 733 1580 essent.
778 1517 956 1580 Auctorem
968 1516 1118 1596 peditum
1139 1532 1167 1578 ro

55 1617 161 1698 equiti
191 1617 477 1680 immiscendorum
513 1617 736 1679 centurionem
761 1617 799 1693 Q.
824 1617 968 1679 Navium
996 1618 1117 1693 ferunt,

57 1714 239 1797 honorique
257 1717 291 1779 id
309 1717 339 1780 ei
357 1717 446 1796 apud
465 1717 696 1796 imperatorem
714 1717 824 1780 fuisse.
1091 1712 1094 1720 ’

97 1817 181 1880 Cum
214 1817 248 1878 in
284 1816 345 1879 hoc
380 1822 471 1878 statu
505 1817 548 1878 ad
584 1816 731 1895 Capuam
762 1837 811 1880 res
841 1823 960 1894 essent,
992 1816 1154 1879 Hanni-5

56 1916 167 1981 balem
193 1916 360 1980 diversum
385 1917 582 1979 Tarentinae
608 1917 690 1978 arcis
716 1916 896 1996 potiundae
921 1916 1117 1997 Capuaeque

55 2015 248 2080 retinendae
271 2016 449 2079 trahebant
473 2036 578 2078 curae.
623 2017 710 2079 Vicit
734 2023 847 2079 tamen
869 2024 1036 2096 respectus
1058 2016 1117 2079 Ca·
1138 2032 1152 2076 2

56 2136 153 2196 puae,
178 2115 212 2177 in
235 2135 335 2195 quam
358 2116 505 2178 omnium
528 2116 690 2178 sociorum
712 2115 922 2195 hostiumque
946 2135 1118 2179 conversos

56 2216 195 2279 videbat
238 2216 375 2292 animos,
419 2215 617 2278 documento
659 2216 801 2292 futurae,
846 2215 1118 2296 qualemcumque

55 2323 216 2380 eventum
238 2315 379 2379 defectio
401 2314 443 2379 ab
466 2315 625 2378 Romanis
647 2315 825 2378 habuisset.
871 2316 977 2396 Igitur
998 2332 1153 2396 magnas

55 2422 152 2495 parte
178 2415 488 2494 impedimentorum
513 2415 625 2477 relicta
651 2415 684 2476 in
710 2415 849 2478 Bruttiis
874 2422 908 2477 et
933 2416 1022 2478 omni
1046 2435 1117 2495 gra-

55 2516 146 2579 viore
175 2521 306 2577 armatu
334 2535 408 2578 cum
436 2515 571 2578 delectis
597 2514 748 2593 peditum
775 2515 992 2594 equitumque
1017 2534 1117 2594 quam

55 2622 191 2698 poterat
215 2616 405 2694 aptissimus
429 2615 472 2677 ad
497 2615 732 2677 maturandum
759 2615 821 2677 iter
845 2616 878 2676 in
903 2615 1117 2694 Campaniam

56 2702 239 2779 contendit.
284 2716 394 2779 Secuti
425 2722 538 2778 tamen
569 2721 639 2776 tam
669 2715 791 2794 raptim
821 2722 955 2778 euntem
986 2721 1053 2777 tres
1083 2720 1117 2777 et

56 2815 194 2896 triginta
222 2814 399 2894 elephanti.
443 2815 485 2877 In
512 2814 597 2877 valle
626 2814 755 2878 occulta
783 2821 858 2894 post
886 2814 997 2877 Tifata
1026 2822 1153 2876 mon-4

55 2921 124 2978 tem
167 2914 394 2978 imminentem
435 2914 567 2994 Capuae
597 2914 754 2978 consedit.
826 2914 1014 2977 Adveniens
1043 2933 1117 2976 cum

56 3013 228 3078 castellum
256 3014 422 3078 Galatiam
449 3015 610 3094 praesidio
638 3015 671 3075 vi
699 3014 793 3094 pulso
821 3015 968 3093 cepisset,
997 3013 1031 3075 in
1060 3013 1118 3076 cir·

57 3113 277 3178 cumsedentis
311 3114 458 3194 Capuam
493 3135 527 3177 se
561 3115 672 3189 vertit,
693 3114 958 3193 ¹praemissisque
992 3113 1152 3175 nuntiis⁶

55 3215 214 3294 Capuam,
236 3233 302 3293 quo
322 3221 469 3293 tempore
490 3219 596 3276 castra
616 3213 768 3276 Romana
788 3213 998 3292 adgressums
1018 3218 1114 3289 esset,

55 3321 93 3376 ut
121 3313 236 3376 eodem
263 3319 297 3376 et
324 3315 369 3374 illi
396 3313 439 3376 ad
465 3314 671 3392 eruptionem
698 3313 805 3392 parati
832 3313 937 3391 portis
963 3312 1116 3374 omnibus

56 3434 124 3478 sese
163 3412 379 3490 effunderent,
420 3414 585 3492 ingentem
625 3412 777 3492 praebuit
817 3417 983 3474 terrorem.
1030 3410 1152 3473 Namss

56 3513 120 3576 alia
140 3518 235 3592 parte
256 3513 324 3594 ipse
344 3514 481 3576 adortus
500 3518 560 3589 est,
582 3512 646 3574 alia
666 3511 825 3590 Campani
846 3530 968 3588 1111111,
990 3510 1116 3590 equites

191 3632 196 3637 ·
221 3624 241 3659 Η
