2496 3908
61 239 166 290 Curre.
181 240 206 301 6,
222 239 262 306 7.]
550 238 640 288 LIVY
1082 230 1123 294 75

62 415 166 478 dante
194 413 394 496 Maharbale,
423 415 480 494 qui
509 434 583 476 curn
611 415 763 477 omnibus
790 415 995 494 equestribus
1024 416 1123 494 copiis

62 522 161 577 nocte
188 521 381 581 consecutus
406 521 488 589 erat,
515 515 541 576 si
567 534 658 576 arma
684 511 906 590 tradidissent,
933 515 1022 577 abire
1050 535 1123 577 curn

61 613 199 692 singulis
230 613 436 675 vestimentis
467 632 650 691 passurum,
683 633 752 674 sese
783 613 994 689 dediderunt;
1039 634 1123 693 quae
1145 630 1172 674 12

62 713 188 774 Punica
209 712 362 790 religione
382 719 513 774 servata
529 711 609 774 fides
629 712 672 773 ab
688 712 874 775 Hannibale
894 719 953 788 est,
971 719 1072 792 atque
1090 714 1123 775 in

62 812 195 874 vincula
211 831 324 874 omnes
340 812 486 873 coniecti.

106 913 198 974 Haec
220 918 270 974 est
292 910 410 973 nobilis
432 911 474 972 ad
497 912 759 974 Trasumennum
781 931 891 990 pugna
914 919 1015 991 atque
1038 914 1156 976 inter?

61 1031 187 1091 paucas
222 1017 404 1073 memorata
440 1011 552 1088 populi
588 1011 730 1072 Romani
768 1011 883 1073 clades.
930 1012 1158 1087 Quindecima

62 1111 153 1172 milia
170 1110 396 1173 Romanorum
412 1110 445 1170 in
460 1110 530 1172 acie
546 1130 654 1186 caesa;
683 1110 795 1173 decem
811 1111 900 1172 milia
917 1132 1029 1190 sparsa
1045 1113 1122 1191 fuga

61 1230 121 1289 per
145 1229 276 1272 omnem
300 1209 468 1272 Etruriam
492 1209 628 1272 diversis
651 1210 822 1273 itineribus
846 1211 960 1273 urbem
986 1213 1122 1290 petiere;

62 1309 129 1372 duo
157 1309 247 1371 milia
276 1309 446 1387 quingenti
475 1309 619 1371 hostiurn
647 1310 680 1370 in
708 1310 786 1385 acie,
817 1310 912 1372 multi
940 1318 1054 1388 postea
1082 1326 1157 1374 exa

62 1408 254 1471 vulneribus
290 1409 422 1487 periere.
468 1408 641 1486 lllultiplex
679 1409 792 1471 caedes
829 1410 996 1488 utrimque
1033 1411 1123 1474 iacta

62 1509 208 1570 traditur
224 1508 266 1570 ab
282 1508 368 1584 aliis;
396 1527 465 1586 ego,
482 1515 713 1586 praeterquam
729 1509 818 1587 quod
834 1509 914 1570 nihil
932 1518 1067 1572 auctum
1083 1531 1123 1573 ex
1143 1525 1158 1567 4

17 1662 21 1669 .
62 1628 150 1670 vano
167 1608 276 1683 velim,
295 1627 360 1687 quo
376 1607 472 1668 nimis
489 1607 647 1669 inclinant
664 1608 764 1670 ferme
781 1608 994 1670 scribentium
1011 1611 1121 1685 animi,

62 1708 214 1782 Fabium,
237 1707 407 1786 aequalem
429 1707 631 1784 temporibus
652 1706 786 1769 huiusce
806 1708 891 1783 belli,
915 1710 1122 1786 potissimum

60 1814 232 1870 auctorem
250 1806 360 1868 habui.
406 1806 572 1867 Hannibal
592 1807 799 1885 captivorum
817 1808 873 1887 qui
892 1809 1002 1870 Latini
1021 1812 1122 1872 nomi·
1143 1823 1157 1866 a

22 1925 28 1935 ¹
57 1908 112 1968 nis
131 1912 240 1969 essent
259 1907 327 1968 sine
346 1906 452 1984 pretio
471 1905 621 1981 dimissis,
642 1906 801 1968 Romanis
821 1907 853 1967 in
873 1908 1004 1970 vincula
1025 1909 1121 1986 datis,

60 2013 232 2085 segregata
264 2025 305 2068 ex
328 2002 482 2068 bostium
516 2012 783 2067 coacervatorum
817 2007 953 2069 cumulis
989 2029 1123 2088 corpora

60 2126 196 2168 suorum
227 2125 301 2167 eum
331 2105 456 2184 sepeliri
487 2105 642 2180 iussisset,
674 2105 814 2166 Flamini
844 2126 975 2185 quoque
1008 2129 1123 2188 corpus

60 2206 185 2268 funeris
203 2225 301 2267 causa
319 2225 438 2282 magna
458 2224 531 2266 cum
551 2224 627 2266 cura
646 2204 840 2283 inquisitum
858 2226 924 2267 non
944 2208 1079 2272 invenit.

104 2305 232 2367 Romae
258 2305 299 2367 ad
326 2305 468 2383 primum
495 2305 648 2366 nuntium
676 2304 776 2366 cladis
802 2305 870 2367 eius
899 2326 973 2368 cum
999 2309 1156 2388 ingentio

60 2412 185 2469 terrore
205 2424 243 2466 ao
265 2404 412 2466 tumultu
433 2423 608 2466 concursus
629 2404 661 2463 in
682 2404 790 2466 forum
809 2405 921 2484 populi
938 2414 987 2470 est
1002 2407 1120 2472 iactus.

60 2506 234 2567 Matronae
266 2524 369 2582 vagae
401 2523 459 2582 per
490 2503 570 2579 vias
605 2523 689 2583 quae
722 2522 836 2582 repens
871 2505 977 2568 clades
1010 2508 1155 2571 adlatar

59 2624 189 2684 quaeve
202 2603 336 2666 fortuna
349 2604 512 2667 exercitus
525 2609 619 2678 esset,
636 2603 750 2664 obvios
764 2611 1031 2682 percunctantur.
1077 2609 1121 2671 Et

60 2725 137 2767 cum
167 2703 347 2783 frequentis
378 2704 538 2766 contionis
568 2702 666 2764 modo
696 2703 793 2765 turba
824 2704 857 2764 in
889 2706 1059 2769 comitium
1088 2716 1121 2771 et

60 2805 186 2866 curiam
212 2823 305 2866 versa
331 2803 544 2882 magistratus
569 2808 712 2878 vocaret,
740 2803 874 2865 tandem
902 2804 990 2868 haud
1016 2808 1155 2871 multos

60 2911 139 2966 ante
156 2904 232 2966 solis
250 2923 401 2966 occasum
418 2904 461 2964 M.
481 2902 682 2981 Pomponius
699 2909 831 2981 praetor
848 2905 995 2983 ‘Pugna'
1014 2908 1121 2986 inquit

60 3005 198 3082 ‘magna
218 3003 297 3066 victi
317 3005 451 3065 sumus.y
496 3003 541 3065 Et
561 3022 762 3082 quamquam
783 3003 861 3064 nihil
885 3006 1004 3068 certius
1023 3028 1064 3069 ex
1083 3028 1121 3070 eo

61 3104 215 3166 auditum
229 3110 289 3178 est,
306 3109 418 3165 tamen
432 3103 514 3164 alius
530 3101 572 3163 ab
586 3101 650 3163 alio
665 3102 790 3180 impleti
806 3104 973 3166 rumoribu
1007 3106 1120 3170 domos

62 3204 208 3267 referunt
233 3202 397 3265 consulem
423 3222 496 3264 oum
521 3220 640 3280 magna
665 3208 759 3280 parte
785 3203 952 3281 copiamm
978 3225 1118 3284 caesum,

62 3322 228 3382 superesse
251 3322 372 3382 paucos
395 3308 453 3364 aut
476 3301 553 3379 fuga
576 3301 697 3379 passim
720 3320 777 3378 per
800 3301 967 3365 Etruriam
990 3326 1155 3384 sparsose

63 3411 121 3465 aut
140 3409 255 3482 captos
272 3402 314 3464 ab
333 3402 436 3465 hoste.
481 3401 570 3476 Quot
589 3420 681 3462 casus
700 3401 860 3462 exercitus
878 3402 957 3464 victi
974 3404 1117 3483 fuerant,
1140 3426 1168 3472 10

56 3509 114 3566 tot
140 3503 173 3563 in
200 3521 292 3564 curas
318 3501 466 3565 distracti
492 3501 594 3562 animi
619 3519 731 3561 eorum
757 3507 860 3576 erant,
880 3520 1020 3580 quorum
1044 3525 1119 3585 pro-
1169 3580 1173 3591 Ι
