2496 3908
89 201 191 252 cans.
208 202 248 261 11,
263 201 302 262 12,
318 200 371 266 ra]
573 200 662 250 urvr
1115 186 1156 251 13

89 377 280 452 adfirmans
313 377 369 456 qui
402 375 463 438 sub
497 375 741 439 condicionibus
773 376 811 438 iis
844 376 884 438 de
916 395 996 455 pace
1028 380 1151 454 ageret.

90 477 329 540 Postulabatur
346 483 469 551 autern,
490 476 661 539 redderent
681 496 729 539 res
746 476 944 539 Turdetanis
962 475 1153 554 traditoque
1175 493 1189 536 a

89 577 181 639 onmi
200 596 279 638 auro
299 581 399 654 atque
418 582 554 654 argento
571 576 688 653 egressi
708 574 788 639 urbe
807 595 882 637 cum
900 574 1034 652 singulis
1054 574 1153 637 vesti-

90 677 211 739 mentis
236 675 281 736 ibi
305 674 495 738 habitarent
528 675 585 737 ubi
610 676 738 737 Poenus
768 675 923 738 iussisset.
970 675 1039 736 Has
1064 675 1153 754 pacis
1175 690 1189 734 6

89 776 177 854 leges
205 776 371 838 abnuente
398 775 520 836 Alcone
548 782 739 854 accepturos
766 775 976 852 Saguntinos,
1006 774 1152 850 Alorcus,

89 876 178 937 vinci
199 876 326 936 animos
348 875 404 937 ubi
425 874 489 936 alia
511 875 686 936 vincantur
707 874 895 949 adfirmans,
917 895 951 938 se
973 875 1062 953 pacis
1084 875 1153 936 eius

90 976 306 1054 interpretem
325 975 394 1036 fore
415 973 586 1052 pollicetur
593 995 601 1050 ;
633 981 704 1036 erat
724 981 837 1037 autem
856 980 930 1036 tum
950 973 1041 1036 miles
1063 974 1153 1035 Han-

89 1073 220 1150 nibalis,
242 1081 386 1137 ceterum
405 1073 533 1152 publice
552 1074 741 1151 Saguntinis
760 1074 884 1136 amicus
903 1080 1004 1153 atque
1023 1073 1151 1152 hospes.

89 1175 229 1236 Tradito
244 1173 354 1252 palam
367 1174 433 1236 telo
448 1174 639 1236 custodibus
653 1174 798 1236 hostiurn
812 1180 1032 1252 transgressus
1047 1173 1152 1235 muni·
1173 1186 1187 1230 r

90 1280 205 1336 menta
221 1273 264 1335 ad
280 1279 465 1352 praetorem
480 1274 700 1351 Saguntinum
712 1280 799 1336 -et
814 1274 883 1353 ipse
898 1274 946 1336 ita
961 1272 1098 1336 iubebat
1111 1306 1152 1316 --

88 1381 140 1437 θεῖ
153 1374 325 1436 deductus.
370 1374 443 1448 Quo
456 1393 531 1434 cum
542 1373 708 1452 extemplo
722 1393 897 1436 concursus
909 1373 1014 1435 omnis
1027 1373 1151 1451 generis
1172 1383 1187 1428 a

90 1473 265 1536 hominurn
281 1480 365 1536 esset
382 1474 502 1548 factus
520 1480 686 1536 summota
705 1480 811 1537 cetera
829 1473 1040 1536 multitudine
1058 1492 1150 1536 sena-

90 1581 146 1636 tus
172 1573 289 1636 Alorco
315 1573 413 1635 datus
439 1580 499 1648 est,
527 1573 618 1634 cuius
644 1573 719 1636 talis
745 1574 850 1636 oratio
875 1574 955 1636 fuit:
992 1574 1042 1636 ‘Si
1070 1573 1149 1635 civis
1161 1583 1201 1632 13

90 1680 201 1736 vester
224 1672 314 1749 Alco,
340 1674 425 1736 sicut
450 1673 493 1735 ad
519 1692 633 1752 pacem
659 1673 836 1751 petendam
860 1674 903 1735 ad
929 1672 1150 1735 Hannibalem

91 1773 193 1848 venit,
205 1773 253 1836 ita
265 1773 354 1851 pacis
366 1772 571 1836 condiciones
583 1773 625 1833 ab
638 1772 823 1836 Hannibale
834 1773 877 1835 ad
888 1793 947 1835 vos
958 1772 1148 1848 rettulisset,

90 1892 374 1951 supervacaneum
390 1872 451 1935 hoo
469 1872 548 1933 mihi
564 1873 680 1934 fuisset
696 1873 768 1949 iter,
780 1893 845 1952 quo
855 1892 914 1935 nec
931 1878 1042 1935 orator
1059 1873 1150 1934 Han-

89 1971 208 2033 nibalis
222 1992 281 2034 nec
297 1972 467 2051 transfuga
482 1973 525 2034 ad
548 1992 607 2035 vos
622 1973 695 2034 veni
704 1994 712 2048 ;
738 1973 795 2035 scd
811 1993 885 2035 cum
899 1972 951 2035 ille
965 1979 1024 2035 aut
1040 1979 1149 2035 vestra
1171 1995 1185 2038 a

90 2079 149 2134 aut
175 2092 235 2134 sua
261 2071 356 2150 culpa
382 2073 539 2135 manserit
564 2072 653 2151 apud
680 2072 944 2148 hostem-sua,
971 2074 998 2134 si
1024 2078 1150 2134 metum
1202 2115 1203 2118 κ

90 2171 271 2246 simulavit,
286 2179 406 2246 vestra,
421 2173 447 2233 si
462 2172 642 2251 periculum
654 2179 704 2235 est
718 2172 808 2257 apud
821 2192 879 2235 vos
893 2192 970 2235 vera
985 2173 1150 2235 referenti-

91 2272 162 2346 bus,
177 2307 218 2314 -
231 2291 301 2349 eg0,
321 2292 361 2334 ne
380 2272 572 2349 ignoraretis
590 2292 659 2335 esse
678 2272 805 2351 aliquas
823 2278 857 2335 et
875 2272 990 2334 salutis
1009 2279 1042 2334 et
1062 2271 1151 2350 pacis

92 2372 187 2434 vobis
205 2372 420 2447 condiciones,
440 2392 498 2450 pro
516 2379 648 2434 vetusto
666 2372 819 2451 hospiti0,
839 2372 927 2451 quod
946 2371 1025 2432 mihi
1043 2372 1150 2434 vobis-

93 2492 167 2533 cum
184 2479 244 2547 est,
262 2471 306 2533 ad
322 2492 382 2534 vos
398 2471 484 2535 veni.
529 2473 646 2534 Vestra
663 2480 776 2535 autem
794 2492 892 2534 causa
910 2491 961 2534 me
978 2491 1037 2535 nec
1054 2471 1150 2533 ullius
1171 2480 1185 2525 3

91 2570 225 2634 alterius
240 2570 339 2651 loqui,
356 2591 441 2651 quae
455 2571 572 2650 loquor
586 2572 675 2651 apud
690 2593 759 2647 vos,
777 2571 827 2635 vel
842 2591 881 2634 ea
897 2571 976 2633 fides
991 2572 1045 2647 sit,
1061 2571 1151 2650 quod

91 2691 197 2750 neque
220 2671 299 2733 dum
322 2672 439 2734 vestris
463 2672 585 2734 viribus
609 2673 774 2735 restitistis
797 2672 1006 2751 nequedum
1028 2670 1150 2733 auxilia

90 2771 133 2833 ab
147 2772 305 2833 Romanis
319 2773 483 2851 sperastis,
500 2773 587 2850 pacis
601 2793 760 2851 umquam
773 2772 862 2850 apud
876 2792 935 2834 vos
949 2772 1150 2835 mentionem

90 2871 162 2934 feci.
208 2872 390 2952 Postquam
409 2892 468 2935 nec
488 2872 530 2933 ab
551 2872 709 2934 Romanis
729 2872 823 2935 vobis
843 2872 909 2934 ulla
929 2878 978 2935 est
998 2891 1071 2950 spes
1090 2890 1149 2934 nec
1170 2887 1185 2931 4

92 2977 201 3033 vestra
228 2992 286 3034 vos
312 2972 379 3033 iam
405 2978 464 3034 aut
491 2992 582 3033 arma
608 2979 667 3034 aut
694 2972 822 3034 moenia
848 2972 928 3035 satis
956 2971 1148 3046 defendunt,

90 3091 206 3149 pacem
228 3071 339 3134 adfero
363 3072 487 3149 advos
511 3073 613 3150 magis
636 3072 851 3134 necessariam
873 3092 974 3152 quam
997 3090 1148 3150 aequam.

89 3171 189 3234 Cuius
212 3171 259 3232 ita
282 3171 392 3250 aliqua
415 3191 488 3250 spes
519 3178 579 3248 est,
603 3172 629 3233 si
657 3192 740 3246 earn,
765 3172 930 3250 quemad
953 3171 1088 3234 modum
1111 3176 1149 3233 ut
1169 3183 1184 3228 5

89 3269 196 3332 victor
214 3271 278 3332 fert
300 3270 476 3344 Hannibal,
499 3271 543 3333 sic
564 3291 622 3333 vos
643 3277 681 3333 ut
702 3271 780 3333 victi
802 3271 953 3347 audietis,
974 3277 1008 3334 et
1027 3290 1094 3333 non
1115 3270 1149 3332 id

89 3369 179 3449 quod
198 3371 365 3433 amittitur
384 3371 417 3430 in
446 3370 576 3446 damno,
599 3391 674 3432 cum
701 3371 811 3433 omnia
830 3371 963 3433 victoris
983 3371 1059 3445 sint,
1080 3370 1147 3445 sed,

88 3468 250 3548 quidquid
270 3469 465 3548 relinquitur
484 3490 542 3548 pro
563 3489 695 3532 munere
720 3469 863 3533 habituri
892 3469 979 3533 estis.
1025 3469 1148 3532 Urbem
1169 3495 1183 3539 6
