<?xml version="1.0" encoding="UTF-8"?>
<!DOCTYPE html PUBLIC "-//W3C//DTD XHTML 1.0 Transitional//EN"
    "http://www.w3.org/TR/xhtml1/DTD/xhtml1-transitional.dtd">
<html xmlns="http://www.w3.org/1999/xhtml" xml:lang="en" lang="en">
 <head>
  <title>
</title>
<meta http-equiv="Content-Type" content="text/html;charset=utf-8" />
  <meta name='ocr-system' content='tesseract 3.04.00' />
  <meta name='ocr-capabilities' content='ocr_page ocr_carea ocr_par ocr_line ocrx_word'/>
</head>
<body>
  <div class='ocr_page' id='page_1' title='image "./livysecondpunic00livygoog_0084.png"; bbox 0 0 2496 3908; ppageno 0'>
   <div class='ocr_carea' id='block_1_1' title="bbox 91 238 1157 311">
    <p class='ocr_par' dir='ltr' id='par_1_1' title="bbox 91 238 1157 311">
     <span class='ocr_line' id='line_1_1' title="bbox 91 238 1157 311; baseline 0.006 -17"><span class='ocrx_word' id='word_1_1' title='bbox 91 245 323 311; x_wconf 66' lang='lat' dir='ltr'><strong>le’s.56,5i.]</strong></span> <span class='ocrx_word' id='word_1_2' title='bbox 583 247 673 296; x_wconf 79' lang='lat' dir='ltr'><strong>nm·</strong></span> <span class='ocrx_word' id='word_1_3' title='bbox 1113 238 1157 300; x_wconf 74' lang='lat'><strong>59</strong></span> 
     </span>
    </p>
   </div>
   <div class='ocr_carea' id='block_1_2' title="bbox 72 420 1246 3596">
    <p class='ocr_par' dir='ltr' id='par_1_2' title="bbox 89 420 1246 2398">
     <span class='ocr_line' id='line_1_2' title="bbox 132 420 1191 503; baseline 0.002 -19"><span class='ocrx_word' id='word_1_4' title='bbox 132 421 288 484; x_wconf 87' lang='lat' dir='ltr'><strong>Ceterum</strong></span> <span class='ocrx_word' id='word_1_5' title='bbox 318 440 360 484; x_wconf 90' lang='lat' dir='ltr'><strong>ne</strong></span> <span class='ocrx_word' id='word_1_6' title='bbox 390 420 529 484; x_wconf 90' lang='lat' dir='ltr'><strong>hiberna</strong></span> <span class='ocrx_word' id='word_1_7' title='bbox 558 422 695 501; x_wconf 90' lang='lat' dir='ltr'><strong>quidem</strong></span> <span class='ocrx_word' id='word_1_8' title='bbox 724 421 886 485; x_wconf 84' lang='lat' dir='ltr'><strong>Romanis</strong></span> <span class='ocrx_word' id='word_1_9' title='bbox 916 423 1030 503; x_wconf 86' lang='lat' dir='ltr'><strong>quieta</strong></span> <span class='ocrx_word' id='word_1_10' title='bbox 1060 432 1191 486; x_wconf 78' lang='lat' dir='ltr'><strong>erants</strong></span> 
     </span>
     <span class='ocr_line' id='line_1_3' title="bbox 90 520 1156 603; baseline 0.003 -22"><span class='ocrx_word' id='word_1_11' title='bbox 90 520 294 598; x_wconf 89' lang='lat' dir='ltr'><strong>vagantibus</strong></span> <span class='ocrx_word' id='word_1_12' title='bbox 315 521 438 599; x_wconf 86' lang='lat' dir='ltr'><strong>passim</strong></span> <span class='ocrx_word' id='word_1_13' title='bbox 459 521 612 582; x_wconf 85' lang='lat' dir='ltr'><strong>Numidis</strong></span> <span class='ocrx_word' id='word_1_14' title='bbox 631 521 800 601; x_wconf 88' lang='lat' dir='ltr'><strong>equitibus</strong></span> <span class='ocrx_word' id='word_1_15' title='bbox 819 531 865 597; x_wconf 88' lang='lat' dir='ltr'><strong>ct,</strong></span> <span class='ocrx_word' id='word_1_16' title='bbox 887 531 926 585; x_wconf 93' lang='lat' dir='ltr'><strong>ut</strong></span> <span class='ocrx_word' id='word_1_17' title='bbox 945 542 1097 603; x_wconf 88' lang='lat' dir='ltr'><strong>quaeque</strong></span> <span class='ocrx_word' id='word_1_18' title='bbox 1116 523 1156 584; x_wconf 89' lang='lat' dir='ltr'><strong>iis</strong></span> 
     </span>
     <span class='ocr_line' id='line_1_4' title="bbox 89 617 1156 701; baseline 0.003 -21"><span class='ocrx_word' id='word_1_19' title='bbox 89 619 302 698; x_wconf 82' lang='lat' dir='ltr'>impeditiora</span> <span class='ocrx_word' id='word_1_20' title='bbox 328 628 435 694; x_wconf 88' lang='lat' dir='ltr'><strong>erant,</strong></span> <span class='ocrx_word' id='word_1_21' title='bbox 462 619 633 682; x_wconf 85' lang='lat' dir='ltr'><strong>Celtiberis</strong></span> <span class='ocrx_word' id='word_1_22' title='bbox 660 617 902 701; x_wconf 81' lang='lat' dir='ltr'>Lusitanisque.</span> <span class='ocrx_word' id='word_1_23' title='bbox 947 622 1105 685; x_wconf 86' lang='lat' dir='ltr'><strong>Omnes&#39;</strong></span> <span class='ocrx_word' id='word_1_24' title='bbox 1097 623 1156 700; x_wconf 84' lang='lat' dir='ltr'><strong>rgi-</strong></span> 
     </span>
     <span class='ocr_line' id='line_1_5' title="bbox 90 718 1156 827; baseline 0.004 -46"><span class='ocrx_word' id='word_1_25' title='bbox 90 726 147 782; x_wconf 90' lang='lat' dir='ltr'><strong>tur</strong></span> <span class='ocrx_word' id='word_1_26' title='bbox 177 718 325 798; x_wconf 92' lang='lat' dir='ltr'><strong>undique</strong></span> <span class='ocrx_word' id='word_1_27' title='bbox 355 719 456 780; x_wconf 91' lang='lat' dir='ltr'><strong>clausi</strong></span> <span class='ocrx_word' id='word_1_28' title='bbox 487 728 691 793; x_wconf 77' lang='lat' dir='ltr'><strong>commeatus</strong></span> <span class='ocrx_word' id='word_1_29' title='bbox 688 726 827 827; x_wconf 75' lang='lat' dir='ltr'><strong>erant,</strong></span> <span class='ocrx_word' id='word_1_30' title='bbox 858 721 920 782; x_wconf 89' lang='lat' dir='ltr'><strong>nisi</strong></span> <span class='ocrx_word' id='word_1_31' title='bbox 950 740 1034 800; x_wconf 93' lang='lat' dir='ltr'><strong>quos</strong></span> <span class='ocrx_word' id='word_1_32' title='bbox 1064 721 1156 785; x_wconf 91' lang='lat' dir='ltr'><strong>Pado</strong></span> 
     </span>
     <span class='ocr_line' id='line_1_6' title="bbox 90 786 1190 897; baseline 0.005 -19"><span class='ocrx_word' id='word_1_33' title='bbox 90 837 195 880; x_wconf 90' lang='lat' dir='ltr'><strong>naves</strong></span> <span class='ocrx_word' id='word_1_34' title='bbox 224 816 456 880; x_wconf 85' lang='lat' dir='ltr'><strong>subveherent.</strong></span> <span class='ocrx_word' id='word_1_35' title='bbox 501 786 718 896; x_wconf 65' lang='grc' dir='ltr'><strong>15ωῇῗίιῖἱάιῆ</strong></span> <span class='ocrx_word' id='word_1_36' title='bbox 726 839 827 897; x_wconf 88' lang='lat' dir='ltr'><strong>prope</strong></span> <span class='ocrx_word' id='word_1_37' title='bbox 857 819 1061 882; x_wconf 78' lang='lat' dir='ltr'><strong>Placentiam</strong></span> <span class='ocrx_word' id='word_1_38' title='bbox 1090 820 1190 884; x_wconf 79' lang='lat' dir='ltr'><strong>fuito</strong></span> 
     </span>
     <span class='ocr_line' id='line_1_7' title="bbox 89 917 1153 998; baseline 0.002 -18"><span class='ocrx_word' id='word_1_39' title='bbox 89 924 125 980; x_wconf 91' lang='lat' dir='ltr'><strong>et</strong></span> <span class='ocrx_word' id='word_1_40' title='bbox 147 936 247 996; x_wconf 93' lang='lat' dir='ltr'><strong>opere</strong></span> <span class='ocrx_word' id='word_1_41' title='bbox 269 936 389 994; x_wconf 87' lang='lat' dir='ltr'><strong>magno</strong></span> <span class='ocrx_word' id='word_1_42' title='bbox 412 917 578 979; x_wconf 91' lang='lat' dir='ltr'><strong>munitum</strong></span> <span class='ocrx_word' id='word_1_43' title='bbox 599 925 635 980; x_wconf 93' lang='lat' dir='ltr'><strong>et</strong></span> <span class='ocrx_word' id='word_1_44' title='bbox 656 917 768 980; x_wconf 79' lang='grc' dir='ltr'>ιιιΙιάο</span> <span class='ocrx_word' id='word_1_45' title='bbox 790 918 959 981; x_wconf 88' lang='lat' dir='ltr'><strong>firmatum</strong></span> <span class='ocrx_word' id='word_1_46' title='bbox 982 919 1153 998; x_wconf 90' lang='lat' dir='ltr'><strong>praesidio</strong></span> 
     </span>
     <span class='ocr_line' id='line_1_8' title="bbox 91 996 1246 1125; baseline 0.003 -48"><span class='ocrx_word' id='word_1_47' title='bbox 91 1016 173 1078; x_wconf 87' lang='lat' dir='ltr'><strong>Eius</strong></span> <span class='ocrx_word' id='word_1_48' title='bbox 199 1015 323 1079; x_wconf 84' lang='lat' dir='ltr'><strong>castelli</strong></span> <span class='ocrx_word' id='word_1_49' title='bbox 345 1016 559 1095; x_wconf 89' lang='lat' dir='ltr'><strong>oppugnandi</strong></span> <span class='ocrx_word' id='word_1_50' title='bbox 584 1037 642 1095; x_wconf 90' lang='lat' dir='ltr'><strong>spe</strong></span> <span class='ocrx_word' id='word_1_51' title='bbox 667 1036 743 1079; x_wconf 93' lang='lat' dir='ltr'><strong>cum</strong></span> <span class='ocrx_word' id='word_1_52' title='bbox 766 1017 934 1096; x_wconf 91' lang='lat' dir='ltr'><strong>equitibus</strong></span> <span class='ocrx_word' id='word_1_53' title='bbox 958 1037 997 1079; x_wconf 90' lang='lat' dir='ltr'><strong>ac</strong></span> <span class='ocrx_word' id='word_1_54' title='bbox 1018 1018 1083 1081; x_wconf 69' lang='lat' dir='ltr'><strong>leri</strong></span> <span class='ocrx_word' id='word_1_55' title='bbox 1105 1036 1166 1080; x_wconf 90' lang='lat' dir='ltr'><strong>ar··</strong></span> <span class='ocrx_word' id='word_1_56' title='bbox 1171 996 1246 1125; x_wconf 51' lang='lat' dir='ltr'><strong>(ph</strong></span> 
     </span>
     <span class='ocr_line' id='line_1_9' title="bbox 91 1075 1194 1194; baseline 0.002 -17"><span class='ocrx_word' id='word_1_57' title='bbox 91 1122 226 1178; x_wconf 92' lang='lat' dir='ltr'><strong>matura</strong></span> <span class='ocrx_word' id='word_1_58' title='bbox 262 1115 428 1194; x_wconf 83' lang='lat' dir='ltr'><strong>proiectus</strong></span> <span class='ocrx_word' id='word_1_59' title='bbox 454 1115 632 1190; x_wconf 86' lang='lat' dir='ltr'><strong>Hannibal,</strong></span> <span class='ocrx_word' id='word_1_60' title='bbox 656 1136 732 1178; x_wconf 92' lang='lat' dir='ltr'><strong>cum</strong></span> <span class='ocrx_word' id='word_1_61' title='bbox 758 1116 970 1194; x_wconf 86' lang='lat' dir='ltr'><strong>plurimum</strong></span> <span class='ocrx_word' id='word_1_62' title='bbox 962 1137 996 1177; x_wconf 91' lang='lat' dir='ltr'><strong>m</strong></span> <span class='ocrx_word' id='word_1_63' title='bbox 1019 1075 1194 1180; x_wconf 45' lang='lat' dir='ltr'><strong>celandok</strong></span> 
     </span>
     <span class='ocr_line' id='line_1_10' title="bbox 89 1214 1154 1295; baseline 0.001 -18"><span class='ocrx_word' id='word_1_64' title='bbox 89 1217 225 1295; x_wconf 88' lang='lat' dir='ltr'><strong>incepto</strong></span> <span class='ocrx_word' id='word_1_65' title='bbox 251 1214 294 1277; x_wconf 89' lang='lat' dir='ltr'><strong>ad</strong></span> <span class='ocrx_word' id='word_1_66' title='bbox 320 1214 476 1277; x_wconf 84' lang='lat' dir='ltr'><strong>effectum</strong></span> <span class='ocrx_word' id='word_1_67' title='bbox 501 1215 570 1294; x_wconf 90' lang='lat' dir='ltr'><strong>spei</strong></span> <span class='ocrx_word' id='word_1_68' title='bbox 596 1215 776 1290; x_wconf 78' lang='lat' dir='ltr'><strong>habuisset,</strong></span> <span class='ocrx_word' id='word_1_69' title='bbox 803 1225 900 1278; x_wconf 90' lang='lat' dir='ltr'><strong>nocte</strong></span> <span class='ocrx_word' id='word_1_70' title='bbox 926 1215 1063 1279; x_wconf 88' lang='lat' dir='ltr'><strong>adortus</strong></span> <span class='ocrx_word' id='word_1_71' title='bbox 1088 1237 1154 1278; x_wconf 93' lang='lat' dir='ltr'><strong>non</strong></span> 
     </span>
     <span class='ocr_line' id='line_1_11' title="bbox 89 1315 1189 1394; baseline 0.004 -17.055"><span class='ocrx_word' id='word_1_72' title='bbox 89 1315 209 1378; x_wconf 77' lang='lat' dir='ltr'><strong>fefellit</strong></span> <span class='ocrx_word' id='word_1_73' title='bbox 236 1315 359 1393; x_wconf 89' lang='lat' dir='ltr'><strong>vigiles.</strong></span> <span class='ocrx_word' id='word_1_74' title='bbox 403 1315 531 1377; x_wconf 87' lang='lat' dir='ltr'><strong>Tantus</strong></span> <span class='ocrx_word' id='word_1_75' title='bbox 557 1323 691 1394; x_wconf 89' lang='lat' dir='ltr'><strong>repente</strong></span> <span class='ocrx_word' id='word_1_76' title='bbox 718 1315 840 1377; x_wconf 89' lang='lat' dir='ltr'><strong>clamor</strong></span> <span class='ocrx_word' id='word_1_77' title='bbox 864 1324 915 1378; x_wconf 90' lang='lat' dir='ltr'><strong>est</strong></span> <span class='ocrx_word' id='word_1_78' title='bbox 940 1316 1091 1378; x_wconf 86' lang='lat' dir='ltr'><strong>sublatus</strong></span> <span class='ocrx_word' id='word_1_79' title='bbox 1116 1326 1189 1381; x_wconf 66' lang='lat' dir='ltr'><strong>uti</strong></span> 
     </span>
     <span class='ocr_line' id='line_1_12' title="bbox 90 1415 1155 1495; baseline 0 -18"><span class='ocrx_word' id='word_1_80' title='bbox 90 1415 282 1478; x_wconf 86' lang='lat' dir='ltr'><strong>Placentiae</strong></span> <span class='ocrx_word' id='word_1_81' title='bbox 313 1434 445 1495; x_wconf 91' lang='lat' dir='ltr'><strong>quoque</strong></span> <span class='ocrx_word' id='word_1_82' title='bbox 475 1415 655 1477; x_wconf 87' lang='lat' dir='ltr'><strong>audiretur.</strong></span> <span class='ocrx_word' id='word_1_83' title='bbox 701 1415 820 1494; x_wconf 86' lang='lat' dir='ltr'><strong>ltaque</strong></span> <span class='ocrx_word' id='word_1_84' title='bbox 850 1415 912 1478; x_wconf 87' lang='lat' dir='ltr'><strong>sub</strong></span> <span class='ocrx_word' id='word_1_85' title='bbox 942 1415 1049 1478; x_wconf 87' lang='lat' dir='ltr'><strong>lucem</strong></span> <span class='ocrx_word' id='word_1_86' title='bbox 1080 1437 1155 1479; x_wconf 92' lang='lat' dir='ltr'><strong>cum</strong></span> 
     </span>
     <span class='ocr_line' id='line_1_13' title="bbox 89 1514 1155 1595; baseline -0.002 -16"><span class='ocrx_word' id='word_1_87' title='bbox 89 1515 247 1595; x_wconf 91' lang='lat' dir='ltr'><strong>equitatu</strong></span> <span class='ocrx_word' id='word_1_88' title='bbox 275 1514 386 1577; x_wconf 92' lang='lat' dir='ltr'><strong>consul</strong></span> <span class='ocrx_word' id='word_1_89' title='bbox 413 1514 529 1578; x_wconf 88' lang='lat' dir='ltr'><strong>aderat</strong></span> <span class='ocrx_word' id='word_1_90' title='bbox 555 1515 650 1576; x_wconf 89' lang='lat' dir='ltr'><strong>iussis</strong></span> <span class='ocrx_word' id='word_1_91' title='bbox 677 1515 841 1594; x_wconf 83' lang='lat' dir='ltr'><strong>quadrat-o</strong></span> <span class='ocrx_word' id='word_1_92' title='bbox 867 1515 997 1593; x_wconf 86' lang='lat' dir='ltr'><strong>agmine</strong></span> <span class='ocrx_word' id='word_1_93' title='bbox 1023 1515 1155 1594; x_wconf 91' lang='lat' dir='ltr'><strong>legioni-</strong></span> 
     </span>
     <span class='ocr_line' id='line_1_14' title="bbox 90 1615 1190 1695; baseline 0.003 -17"><span class='ocrx_word' id='word_1_94' title='bbox 90 1617 154 1678; x_wconf 92' lang='lat' dir='ltr'><strong>bus</strong></span> <span class='ocrx_word' id='word_1_95' title='bbox 181 1615 284 1695; x_wconf 91' lang='lat' dir='ltr'><strong>sequi.</strong></span> <span class='ocrx_word' id='word_1_96' title='bbox 329 1615 491 1695; x_wconf 89' lang='lat' dir='ltr'><strong>Equestre</strong></span> <span class='ocrx_word' id='word_1_97' title='bbox 515 1616 648 1678; x_wconf 90' lang='lat' dir='ltr'><strong>interim</strong></span> <span class='ocrx_word' id='word_1_98' title='bbox 673 1615 832 1694; x_wconf 91' lang='lat' dir='ltr'><strong>proelium</strong></span> <span class='ocrx_word' id='word_1_99' title='bbox 858 1617 1084 1692; x_wconf 87' lang='lat' dir='ltr'><strong>commissum;</strong></span> <span class='ocrx_word' id='word_1_100' title='bbox 1121 1618 1190 1681; x_wconf 82' lang='lat' dir='ltr'><strong>ina</strong></span> 
     </span>
     <span class='ocr_line' id='line_1_15' title="bbox 91 1715 1155 1796; baseline -0.001 -18"><span class='ocrx_word' id='word_1_101' title='bbox 91 1736 160 1796; x_wconf 93' lang='lat' dir='ltr'><strong>quo</strong></span> <span class='ocrx_word' id='word_1_102' title='bbox 180 1715 258 1794; x_wconf 92' lang='lat' dir='ltr'><strong>quia</strong></span> <span class='ocrx_word' id='word_1_103' title='bbox 276 1715 407 1777; x_wconf 88' lang='lat' dir='ltr'><strong>saucius</strong></span> <span class='ocrx_word' id='word_1_104' title='bbox 427 1716 593 1777; x_wconf 89' lang='lat' dir='ltr'><strong>Hannibal</strong></span> <span class='ocrx_word' id='word_1_105' title='bbox 615 1735 725 1794; x_wconf 92' lang='lat' dir='ltr'><strong>pugna</strong></span> <span class='ocrx_word' id='word_1_106' title='bbox 743 1716 892 1791; x_wconf 86' lang='lat' dir='ltr'><strong>excessit,</strong></span> <span class='ocrx_word' id='word_1_107' title='bbox 912 1736 1035 1795; x_wconf 87' lang='lat' dir='ltr'><strong>pavore</strong></span> <span class='ocrx_word' id='word_1_108' title='bbox 1053 1715 1155 1780; x_wconf 90' lang='lat' dir='ltr'><strong>hosti-</strong></span> 
     </span>
     <span class='ocr_line' id='line_1_16' title="bbox 91 1815 1190 1894; baseline 0.003 -17"><span class='ocrx_word' id='word_1_109' title='bbox 91 1816 155 1878; x_wconf 92' lang='lat' dir='ltr'><strong>bus</strong></span> <span class='ocrx_word' id='word_1_110' title='bbox 174 1815 294 1878; x_wconf 90' lang='lat' dir='ltr'><strong>iniecto</strong></span> <span class='ocrx_word' id='word_1_111' title='bbox 315 1815 486 1878; x_wconf 86' lang='lat' dir='ltr'><strong>defensum</strong></span> <span class='ocrx_word' id='word_1_112' title='bbox 503 1816 629 1893; x_wconf 85' lang='lat' dir='ltr'><strong>egregie</strong></span> <span class='ocrx_word' id='word_1_113' title='bbox 647 1815 846 1894; x_wconf 89' lang='lat' dir='ltr'><strong>praesidium</strong></span> <span class='ocrx_word' id='word_1_114' title='bbox 864 1816 942 1879; x_wconf 67' lang='lat' dir='ltr'><strong>est.l</strong></span> <span class='ocrx_word' id='word_1_115' title='bbox 970 1817 1155 1879; x_wconf 88' lang='lat' dir='ltr'><strong>Paucorum</strong></span> <span class='ocrx_word' id='word_1_116' title='bbox 1175 1835 1190 1880; x_wconf 81' lang='lat' dir='ltr'><strong>a</strong></span> 
     </span>
     <span class='ocr_line' id='line_1_17' title="bbox 91 1915 1154 1996; baseline 0.002 -18"><span class='ocrx_word' id='word_1_117' title='bbox 91 1916 170 1978; x_wconf 90' lang='lat' dir='ltr'><strong>inde</strong></span> <span class='ocrx_word' id='word_1_118' title='bbox 197 1915 324 1978; x_wconf 91' lang='lat' dir='ltr'><strong>dierum</strong></span> <span class='ocrx_word' id='word_1_119' title='bbox 351 1915 462 1995; x_wconf 88' lang='lat' dir='ltr'><strong>quiete</strong></span> <span class='ocrx_word' id='word_1_120' title='bbox 488 1923 622 1994; x_wconf 89' lang='lat' dir='ltr'><strong>sumpta</strong></span> <span class='ocrx_word' id='word_1_121' title='bbox 648 1923 682 1978; x_wconf 90' lang='lat' dir='ltr'><strong>et</strong></span> <span class='ocrx_word' id='word_1_122' title='bbox 709 1916 848 1978; x_wconf 89' lang='lat' dir='ltr'><strong>vixdum</strong></span> <span class='ocrx_word' id='word_1_123' title='bbox 874 1917 954 1979; x_wconf 86' lang='lat' dir='ltr'><strong>satis</strong></span> <span class='ocrx_word' id='word_1_124' title='bbox 982 1925 1154 1996; x_wconf 87' lang='lat' dir='ltr'><strong>percurato</strong></span> 
     </span>
     <span class='ocr_line' id='line_1_18' title="bbox 91 2015 1204 2096; baseline 0.002 -18"><span class='ocrx_word' id='word_1_125' title='bbox 91 2016 229 2078; x_wconf 86' lang='lat' dir='ltr'><strong>vulnere</strong></span> <span class='ocrx_word' id='word_1_126' title='bbox 249 2015 292 2078; x_wconf 88' lang='lat' dir='ltr'><strong>ad</strong></span> <span class='ocrx_word' id='word_1_127' title='bbox 314 2015 520 2078; x_wconf 88' lang='lat' dir='ltr'><strong>Victumulas</strong></span> <span class='ocrx_word' id='word_1_128' title='bbox 540 2017 780 2095; x_wconf 91' lang='lat' dir='ltr'><strong>oppugnandas</strong></span> <span class='ocrx_word' id='word_1_129' title='bbox 800 2017 845 2080; x_wconf 90' lang='lat' dir='ltr'><strong>ire</strong></span> <span class='ocrx_word' id='word_1_130' title='bbox 867 2017 982 2096; x_wconf 90' lang='lat' dir='ltr'><strong>pergit.</strong></span> <span class='ocrx_word' id='word_1_131' title='bbox 1028 2018 1068 2080; x_wconf 92' lang='lat' dir='ltr'><strong>Id</strong></span> <span class='ocrx_word' id='word_1_132' title='bbox 1088 2039 1154 2081; x_wconf 90' lang='lat' dir='ltr'><strong>em·</strong></span> <span class='ocrx_word' id='word_1_133' title='bbox 1175 2034 1204 2080; x_wconf 89' lang='lat'><strong>10</strong></span> 
     </span>
     <span class='ocr_line' id='line_1_19' title="bbox 92 2115 1154 2195; baseline 0.003 -18"><span class='ocrx_word' id='word_1_134' title='bbox 92 2117 225 2195; x_wconf 89' lang='lat' dir='ltr'><strong>porium</strong></span> <span class='ocrx_word' id='word_1_135' title='bbox 254 2115 413 2178; x_wconf 88' lang='lat' dir='ltr'><strong>Romanis</strong></span> <span class='ocrx_word' id='word_1_136' title='bbox 444 2115 569 2178; x_wconf 91' lang='lat' dir='ltr'><strong>Gallico</strong></span> <span class='ocrx_word' id='word_1_137' title='bbox 599 2116 684 2179; x_wconf 88' lang='lat' dir='ltr'><strong>bello</strong></span> <span class='ocrx_word' id='word_1_138' title='bbox 714 2116 839 2194; x_wconf 86' lang='lat' dir='ltr'><strong>fuerat;</strong></span> <span class='ocrx_word' id='word_1_139' title='bbox 883 2118 1048 2180; x_wconf 90' lang='lat' dir='ltr'><strong>munitum</strong></span> <span class='ocrx_word' id='word_1_140' title='bbox 1079 2119 1154 2181; x_wconf 90' lang='lat' dir='ltr'><strong>inde</strong></span> 
     </span>
     <span class='ocr_line' id='line_1_20' title="bbox 91 2215 1154 2297; baseline 0.002 -20"><span class='ocrx_word' id='word_1_141' title='bbox 91 2216 204 2278; x_wconf 89' lang='lat' dir='ltr'><strong>locum</strong></span> <span class='ocrx_word' id='word_1_142' title='bbox 226 2215 521 2296; x_wconf 88' lang='lat' dir='ltr'><strong>frequentaverant</strong></span> <span class='ocrx_word' id='word_1_143' title='bbox 546 2217 676 2280; x_wconf 86' lang='lat' dir='ltr'><strong>accolae</strong></span> <span class='ocrx_word' id='word_1_144' title='bbox 701 2217 796 2279; x_wconf 84' lang='lat' dir='ltr'><strong>mixti</strong></span> <span class='ocrx_word' id='word_1_145' title='bbox 821 2217 966 2297; x_wconf 92' lang='lat' dir='ltr'><strong>undique</strong></span> <span class='ocrx_word' id='word_1_146' title='bbox 990 2239 1032 2280; x_wconf 90' lang='lat' dir='ltr'><strong>ex</strong></span> <span class='ocrx_word' id='word_1_147' title='bbox 1055 2218 1154 2281; x_wconf 87' lang='lat' dir='ltr'><strong>finiti-</strong></span> 
     </span>
     <span class='ocr_line' id='line_1_21' title="bbox 93 2316 1154 2398; baseline 0.004 -20"><span class='ocrx_word' id='word_1_148' title='bbox 93 2318 155 2378; x_wconf 89' lang='lat' dir='ltr'><strong>mis</strong></span> <span class='ocrx_word' id='word_1_149' title='bbox 182 2316 322 2397; x_wconf 78' lang='lat' dir='ltr'><strong>populiS,</strong></span> <span class='ocrx_word' id='word_1_150' title='bbox 349 2322 383 2379; x_wconf 90' lang='lat' dir='ltr'><strong>et</strong></span> <span class='ocrx_word' id='word_1_151' title='bbox 410 2323 484 2378; x_wconf 91' lang='lat' dir='ltr'><strong>tum</strong></span> <span class='ocrx_word' id='word_1_152' title='bbox 509 2325 614 2380; x_wconf 88' lang='lat' dir='ltr'><strong>terror</strong></span> <span class='ocrx_word' id='word_1_153' title='bbox 640 2318 893 2396; x_wconf 90' lang='lat' dir='ltr'><strong>populationum</strong></span> <span class='ocrx_word' id='word_1_154' title='bbox 918 2338 957 2380; x_wconf 90' lang='lat' dir='ltr'><strong>eo</strong></span> <span class='ocrx_word' id='word_1_155' title='bbox 984 2318 1154 2398; x_wconf 88' lang='lat' dir='ltr'><strong>plerosque</strong></span> 
     </span>
    </p>

    <p class='ocr_par' dir='ltr' id='par_1_3' title="bbox 72 2417 1202 3596">
     <span class='ocr_line' id='line_1_22' title="bbox 72 2417 1202 2530; baseline 0 -52"><span class='ocrx_word' id='word_1_156' title='bbox 72 2417 243 2530; x_wconf 44' lang='lat' dir='ltr'><strong>Vffiagris</strong></span> <span class='ocrx_word' id='word_1_157' title='bbox 265 2417 502 2496; x_wconf 71' lang='lat' dir='ltr'><strong>compuleratr&#39;</strong></span> <span class='ocrx_word' id='word_1_158' title='bbox 524 2417 630 2480; x_wconf 89' lang='lat' dir='ltr'><strong>Huius</strong></span> <span class='ocrx_word' id='word_1_159' title='bbox 645 2418 770 2495; x_wconf 84' lang='lat' dir='ltr'><strong>generis</strong></span> <span class='ocrx_word' id='word_1_160' title='bbox 786 2417 869 2479; x_wconf 91' lang='lat' dir='ltr'><strong>mult</strong></span> <span class='ocrx_word' id='word_1_161' title='bbox 834 2418 1005 2497; x_wconf 75' lang='lat' dir='ltr'><strong>titudqf</strong></span> <span class='ocrx_word' id='word_1_162' title='bbox 1006 2438 1081 2480; x_wconf 89' lang='lat' dir='ltr'><strong>ama</strong></span> <span class='ocrx_word' id='word_1_163' title='bbox 1096 2420 1154 2481; x_wconf 91' lang='lat' dir='ltr'><strong>im·</strong></span> <span class='ocrx_word' id='word_1_164' title='bbox 1175 2434 1202 2478; x_wconf 90' lang='lat'><strong>11</strong></span> 
     </span>
     <span class='ocr_line' id='line_1_23' title="bbox 93 2516 1155 2597; baseline 0.002 -19"><span class='ocrx_word' id='word_1_165' title='bbox 93 2518 183 2597; x_wconf 88' lang='lat' dir='ltr'><strong>pigre</strong></span> <span class='ocrx_word' id='word_1_166' title='bbox 206 2516 329 2580; x_wconf 88' lang='lat' dir='ltr'><strong>defensi</strong></span> <span class='ocrx_word' id='word_1_167' title='bbox 351 2518 394 2579; x_wconf 90' lang='lat' dir='ltr'><strong>ad</strong></span> <span class='ocrx_word' id='word_1_168' title='bbox 416 2517 619 2580; x_wconf 88' lang='lat' dir='ltr'><strong>Placentiam</strong></span> <span class='ocrx_word' id='word_1_169' title='bbox 642 2518 793 2595; x_wconf 88' lang='lat' dir='ltr'><strong>praesidii</strong></span> <span class='ocrx_word' id='word_1_170' title='bbox 816 2503 961 2594; x_wconf 62' lang='lat' dir='ltr'><strong>acfflsa,</strong></span> <span class='ocrx_word' id='word_1_171' title='bbox 985 2519 1083 2580; x_wconf 89' lang='lat' dir='ltr'><strong>armis</strong></span> <span class='ocrx_word' id='word_1_172' title='bbox 1104 2539 1155 2580; x_wconf 90' lang='lat' dir='ltr'><strong>ar-</strong></span> 
     </span>
     <span class='ocr_line' id='line_1_24' title="bbox 92 2616 1203 2697; baseline 0.004 -19"><span class='ocrx_word' id='word_1_173' title='bbox 92 2618 195 2696; x_wconf 90' lang='lat' dir='ltr'><strong>reptis</strong></span> <span class='ocrx_word' id='word_1_174' title='bbox 216 2616 351 2679; x_wconf 91' lang='lat' dir='ltr'><strong>obviam</strong></span> <span class='ocrx_word' id='word_1_175' title='bbox 373 2617 552 2679; x_wconf 89' lang='lat' dir='ltr'><strong>Hannibali</strong></span> <span class='ocrx_word' id='word_1_176' title='bbox 573 2619 731 2697; x_wconf 87' lang='lat' dir='ltr'><strong>procedit.</strong></span> <span class='ocrx_word' id='word_1_177' title='bbox 777 2618 879 2696; x_wconf 88' lang='lat' dir='ltr'><strong>Magis</strong></span> <span class='ocrx_word' id='word_1_178' title='bbox 901 2619 1031 2695; x_wconf 86' lang='lat' dir='ltr'><strong>agmina</strong></span> <span class='ocrx_word' id='word_1_179' title='bbox 1053 2638 1154 2697; x_wconf 89' lang='lat' dir='ltr'><strong>quam</strong></span> <span class='ocrx_word' id='word_1_180' title='bbox 1175 2637 1203 2682; x_wconf 92' lang='lat'>1</span> 
     </span>
     <span class='ocr_line' id='line_1_25' title="bbox 92 2717 1152 2797; baseline 0 -19"><span class='ocrx_word' id='word_1_181' title='bbox 92 2718 178 2780; x_wconf 90' lang='lat' dir='ltr'><strong>acies</strong></span> <span class='ocrx_word' id='word_1_182' title='bbox 202 2717 236 2778; x_wconf 94' lang='lat' dir='ltr'><strong>in</strong></span> <span class='ocrx_word' id='word_1_183' title='bbox 260 2717 314 2779; x_wconf 91' lang='lat' dir='ltr'><strong>via</strong></span> <span class='ocrx_word' id='word_1_184' title='bbox 339 2725 582 2793; x_wconf 88' lang='lat' dir='ltr'><strong>concurrerunt,</strong></span> <span class='ocrx_word' id='word_1_185' title='bbox 607 2724 641 2781; x_wconf 92' lang='lat' dir='ltr'><strong>et</strong></span> <span class='ocrx_word' id='word_1_186' title='bbox 666 2737 740 2780; x_wconf 90' lang='lat' dir='ltr'><strong>cum</strong></span> <span class='ocrx_word' id='word_1_187' title='bbox 763 2738 805 2780; x_wconf 85' lang='lat' dir='ltr'><strong>ex</strong></span> <span class='ocrx_word' id='word_1_188' title='bbox 828 2718 931 2780; x_wconf 89' lang='lat' dir='ltr'><strong>altera</strong></span> <span class='ocrx_word' id='word_1_189' title='bbox 956 2725 1049 2797; x_wconf 88' lang='lat' dir='ltr'><strong>parte</strong></span> <span class='ocrx_word' id='word_1_190' title='bbox 1073 2718 1152 2779; x_wconf 91' lang='lat' dir='ltr'><strong>nihil</strong></span> 
     </span>
     <span class='ocr_line' id='line_1_26' title="bbox 92 2817 1152 2896; baseline 0.001 -18"><span class='ocrx_word' id='word_1_191' title='bbox 92 2823 223 2896; x_wconf 90' lang='lat' dir='ltr'><strong>praeter</strong></span> <span class='ocrx_word' id='word_1_192' title='bbox 241 2818 447 2880; x_wconf 90' lang='lat' dir='ltr'><strong>inconditam</strong></span> <span class='ocrx_word' id='word_1_193' title='bbox 467 2817 601 2880; x_wconf 89' lang='lat' dir='ltr'><strong>turbam</strong></span> <span class='ocrx_word' id='word_1_194' title='bbox 620 2825 716 2894; x_wconf 85' lang='lat' dir='ltr'><strong>esset,</strong></span> <span class='ocrx_word' id='word_1_195' title='bbox 738 2819 770 2878; x_wconf 92' lang='lat' dir='ltr'><strong>in</strong></span> <span class='ocrx_word' id='word_1_196' title='bbox 791 2817 894 2880; x_wconf 88' lang='lat' dir='ltr'><strong>altera</strong></span> <span class='ocrx_word' id='word_1_197' title='bbox 914 2825 947 2879; x_wconf 88' lang='lat' dir='ltr'><strong>et</strong></span> <span class='ocrx_word' id='word_1_198' title='bbox 969 2818 1037 2879; x_wconf 86' lang='lat' dir='ltr'><strong>dux</strong></span> <span class='ocrx_word' id='word_1_199' title='bbox 1057 2818 1152 2881; x_wconf 92' lang='lat' dir='ltr'><strong>militi</strong></span> 
     </span>
     <span class='ocr_line' id='line_1_27' title="bbox 91 2917 1153 2997; baseline 0.001 -18"><span class='ocrx_word' id='word_1_200' title='bbox 91 2923 125 2980; x_wconf 89' lang='lat' dir='ltr'><strong>et</strong></span> <span class='ocrx_word' id='word_1_201' title='bbox 146 2917 237 2980; x_wconf 88' lang='lat' dir='ltr'><strong>miles</strong></span> <span class='ocrx_word' id='word_1_202' title='bbox 258 2917 334 2980; x_wconf 89' lang='lat' dir='ltr'><strong>duci</strong></span> <span class='ocrx_word' id='word_1_203' title='bbox 354 2917 467 2993; x_wconf 89' lang='lat' dir='ltr'><strong>fidens,</strong></span> <span class='ocrx_word' id='word_1_204' title='bbox 489 2918 532 2979; x_wconf 93' lang='lat' dir='ltr'><strong>ad</strong></span> <span class='ocrx_word' id='word_1_205' title='bbox 552 2918 688 2996; x_wconf 87' lang='lat' dir='ltr'><strong>triginta</strong></span> <span class='ocrx_word' id='word_1_206' title='bbox 708 2918 854 2997; x_wconf 90' lang='lat' dir='ltr'><strong>quinque</strong></span> <span class='ocrx_word' id='word_1_207' title='bbox 874 2917 963 2978; x_wconf 91' lang='lat' dir='ltr'><strong>milia</strong></span> <span class='ocrx_word' id='word_1_208' title='bbox 983 2918 1153 2980; x_wconf 88' lang='lat' dir='ltr'><strong>hominurn</strong></span> 
     </span>
     <span class='ocr_line' id='line_1_28' title="bbox 92 3018 1201 3096; baseline 0.004 -18"><span class='ocrx_word' id='word_1_209' title='bbox 92 3037 111 3078; x_wconf 93' lang='lat' dir='ltr'><strong>a</strong></span> <span class='ocrx_word' id='word_1_210' title='bbox 138 3018 251 3096; x_wconf 87' lang='lat' dir='ltr'><strong>paucis</strong></span> <span class='ocrx_word' id='word_1_211' title='bbox 276 3018 360 3079; x_wconf 87' lang='lat' dir='ltr'><strong>fusa.</strong></span> <span class='ocrx_word' id='word_1_212' title='bbox 406 3019 541 3080; x_wconf 90' lang='lat' dir='ltr'><strong>Postero</strong></span> <span class='ocrx_word' id='word_1_213' title='bbox 569 3018 621 3080; x_wconf 90' lang='lat' dir='ltr'><strong>die</strong></span> <span class='ocrx_word' id='word_1_214' title='bbox 647 3018 813 3080; x_wconf 90' lang='lat' dir='ltr'><strong>deditione</strong></span> <span class='ocrx_word' id='word_1_215' title='bbox 838 3018 928 3079; x_wconf 87' lang='lat' dir='ltr'><strong>facta</strong></span> <span class='ocrx_word' id='word_1_216' title='bbox 955 3018 1152 3096; x_wconf 88' lang='lat' dir='ltr'><strong>praesidium</strong></span> <span class='ocrx_word' id='word_1_217' title='bbox 1173 3036 1201 3082; x_wconf 82' lang='lat'><strong>13</strong></span> 
     </span>
     <span class='ocr_line' id='line_1_29' title="bbox 72 3081 1151 3197; baseline 0.005 -20"><span class='ocrx_word' id='word_1_218' title='bbox 72 3081 179 3179; x_wconf 54' lang='lat' dir='ltr'><strong>iintra</strong></span> <span class='ocrx_word' id='word_1_219' title='bbox 199 3118 328 3180; x_wconf 90' lang='lat' dir='ltr'><strong>moenia</strong></span> <span class='ocrx_word' id='word_1_220' title='bbox 348 3138 516 3197; x_wconf 87' lang='lat' dir='ltr'><strong>accepere;</strong></span> <span class='ocrx_word' id='word_1_221' title='bbox 547 3118 690 3196; x_wconf 91' lang='lat' dir='ltr'><strong>iussique</strong></span> <span class='ocrx_word' id='word_1_222' title='bbox 710 3138 801 3178; x_wconf 88' lang='lat' dir='ltr'><strong>arma</strong></span> <span class='ocrx_word' id='word_1_223' title='bbox 821 3118 949 3180; x_wconf 87' lang='lat' dir='ltr'><strong>tradere</strong></span> <span class='ocrx_word' id='word_1_224' title='bbox 970 3138 1043 3179; x_wconf 89' lang='lat' dir='ltr'><strong>curn</strong></span> <span class='ocrx_word' id='word_1_225' title='bbox 1063 3118 1151 3181; x_wconf 90' lang='lat' dir='ltr'><strong>dicto</strong></span> 
     </span>
     <span class='ocr_line' id='line_1_30' title="bbox 72 3217 1152 3310; baseline -0.001 -29"><span class='ocrx_word' id='word_1_226' title='bbox 72 3217 287 3310; x_wconf 48' lang='lat' dir='ltr'><strong>bpafrusssent,</strong></span> <span class='ocrx_word' id='word_1_227' title='bbox 305 3218 435 3296; x_wconf 91' lang='lat' dir='ltr'><strong>signum</strong></span> <span class='ocrx_word' id='word_1_228' title='bbox 452 3224 585 3296; x_wconf 87' lang='lat' dir='ltr'><strong>repente</strong></span> <span class='ocrx_word' id='word_1_229' title='bbox 602 3217 781 3279; x_wconf 88' lang='lat' dir='ltr'><strong>victoribus</strong></span> <span class='ocrx_word' id='word_1_230' title='bbox 799 3218 906 3291; x_wconf 88' lang='lat' dir='ltr'><strong>datur,</strong></span> <span class='ocrx_word' id='word_1_231' title='bbox 925 3225 962 3279; x_wconf 91' lang='lat' dir='ltr'><strong>ut</strong></span> <span class='ocrx_word' id='word_1_232' title='bbox 979 3225 1152 3297; x_wconf 89' lang='lat' dir='ltr'><strong>tamquam</strong></span> 
     </span>
     <span class='ocr_line' id='line_1_31' title="bbox 72 3316 1200 3397; baseline 0.006 -21"><span class='ocrx_word' id='word_1_233' title='bbox 72 3316 125 3377; x_wconf 76' lang='lat' dir='ltr'><strong>·vi</strong></span> <span class='ocrx_word' id='word_1_234' title='bbox 145 3324 279 3396; x_wconf 90' lang='lat' dir='ltr'><strong>captam</strong></span> <span class='ocrx_word' id='word_1_235' title='bbox 297 3317 412 3380; x_wconf 87' lang='lat' dir='ltr'><strong>urbem</strong></span> <span class='ocrx_word' id='word_1_236' title='bbox 432 3318 620 3397; x_wconf 87' lang='lat' dir='ltr'><strong>diriperent.</strong></span> <span class='ocrx_word' id='word_1_237' title='bbox 666 3317 780 3396; x_wconf 90' lang='lat' dir='ltr'><strong>Neque</strong></span> <span class='ocrx_word' id='word_1_238' title='bbox 799 3318 865 3379; x_wconf 90' lang='lat' dir='ltr'><strong>ulla</strong></span> <span class='ocrx_word' id='word_1_239' title='bbox 884 3337 968 3396; x_wconf 91' lang='lat' dir='ltr'><strong>quae</strong></span> <span class='ocrx_word' id='word_1_240' title='bbox 989 3316 1021 3377; x_wconf 90' lang='lat' dir='ltr'><strong>in</strong></span> <span class='ocrx_word' id='word_1_241' title='bbox 1040 3318 1098 3381; x_wconf 92' lang='lat' dir='ltr'><strong>tali</strong></span> <span class='ocrx_word' id='word_1_242' title='bbox 1119 3339 1151 3382; x_wconf 91' lang='lat' dir='ltr'><strong>re</strong></span> <span class='ocrx_word' id='word_1_243' title='bbox 1173 3339 1200 3383; x_wconf 79' lang='lat'><strong>14</strong></span> 
     </span>
     <span class='ocr_line' id='line_1_32' title="bbox 93 3417 1152 3495; baseline 0.004 -17"><span class='ocrx_word' id='word_1_244' title='bbox 93 3417 311 3480; x_wconf 88' lang='lat' dir='ltr'><strong>memorabilis</strong></span> <span class='ocrx_word' id='word_1_245' title='bbox 331 3418 549 3480; x_wconf 89' lang='lat' dir='ltr'><strong>scribentibus</strong></span> <span class='ocrx_word' id='word_1_246' title='bbox 570 3418 672 3479; x_wconf 86' lang='lat' dir='ltr'><strong>videri</strong></span> <span class='ocrx_word' id='word_1_247' title='bbox 693 3417 775 3479; x_wconf 88' lang='lat' dir='ltr'><strong>solet</strong></span> <span class='ocrx_word' id='word_1_248' title='bbox 796 3417 1024 3495; x_wconf 89' lang='lat' dir='ltr'><strong>praetermissa</strong></span> <span class='ocrx_word' id='word_1_249' title='bbox 1045 3417 1152 3482; x_wconf 87' lang='lat' dir='ltr'><strong>clades</strong></span> 
     </span>
     <span class='ocr_line' id='line_1_33' title="bbox 92 3516 1151 3596; baseline 0.002 -17"><span class='ocrx_word' id='word_1_250' title='bbox 92 3522 157 3579; x_wconf 89' lang='lat' dir='ltr'><strong>est:</strong></span> <span class='ocrx_word' id='word_1_251' title='bbox 193 3518 277 3580; x_wconf 88' lang='lat' dir='ltr'><strong>adeo</strong></span> <span class='ocrx_word' id='word_1_252' title='bbox 304 3538 400 3580; x_wconf 89' lang='lat' dir='ltr'><strong>omne</strong></span> <span class='ocrx_word' id='word_1_253' title='bbox 426 3518 570 3580; x_wconf 88' lang='lat' dir='ltr'><strong>libidinis</strong></span> <span class='ocrx_word' id='word_1_254' title='bbox 598 3517 866 3596; x_wconf 87' lang='lat' dir='ltr'><strong>crudelitatisque</strong></span> <span class='ocrx_word' id='word_1_255' title='bbox 893 3524 926 3579; x_wconf 91' lang='lat' dir='ltr'><strong>et</strong></span> <span class='ocrx_word' id='word_1_256' title='bbox 953 3516 1151 3582; x_wconf 87' lang='lat' dir='ltr'><strong>inhumanae</strong></span> 
     </span>
    </p>
   </div>
   <div class='ocr_carea' id='block_1_3' title="bbox 0 0 1252 3908">
    <p class='ocr_par' dir='ltr' id='par_1_4' title="bbox 0 0 1252 3908">
     <span class='ocr_line' id='line_1_34' title="bbox 0 0 1252 3908; baseline 0 0"><span class='ocrx_word' id='word_1_257' title='bbox 0 0 1252 3908; x_wconf 95' lang='lat' dir='ltr'><strong> </strong></span> 
     </span>
    </p>
   </div>
  </div>
 </body>
</html>
