2496 3908
92 239 191 290 cans.
207 239 376 304 so,51‚52.]
568 237 658 287 mvr
1103 224 1145 288 53

132 414 206 475 Iam
232 413 331 474 ambo
359 412 505 474 consules
530 418 563 474 et
589 412 749 491 quidquid
776 411 1000 473 Romanarum
1026 411 1144 473 virium
1153 425 1195 475 52

90 514 167 576 erat'
188 511 368 574 Hannibali
393 511 581 590 oppositum
606 517 664 573 aut
690 511 750 572 illis
775 512 875 590 copiis
899 511 1028 573 defendi
1053 532 1146 590 posse

90 613 281 675 Romanum
306 611 479 690 imperium
504 617 562 673 aut
587 631 679 691 spem
704 609 828 672 nullam
852 610 951 672 aliam
975 631 1043 673 esse
1068 613 1148 675 satis

90 709 292 774 declarabat.
336 710 461 772 Tamen
484 709 594 771 consul
617 710 701 772 alter
721 710 862 788 equestri
885 710 1006 788 proelio
1027 730 1092 773 uno
1114 718 1182 774 eta

48 834 56 846 ·
90 811 226 873 vulnere
247 829 308 872 suo
330 810 477 871 minutus
499 809 585 871 trahi
607 829 675 870 rem
697 808 841 871 malebat
849 829 856 885 ;
891 810 1027 872 recentis
1048 812 1147 872 animi

90 909 174 972 alter
189 929 295 989 eoque
310 909 449 971 ferocior
464 908 588 970 nullam
604 908 795 970 dilationem
811 909 1008 987 patiebatur.
1054 911 1148 986 Quod
1169 928 1184 971 3

90 1010 178 1071 inter
196 1008 351 1071 Trebiam
372 1008 565 1087 Padumque
585 1008 653 1086 agri
673 1015 733 1083 est,
756 1007 840 1070 Galli
860 1016 932 1071 tum
953 1009 1148 1085 incolebant,

91 1109 124 1169 in
144 1109 288 1170 duorum
308 1108 573 1186 praepotentium
594 1107 789 1186 populorum
811 1108 986 1171 certamine
1006 1129 1149 1187 peram·

90 1209 229 1288 biguum
247 1208 397 1269 favorem
416 1207 504 1269 haud
523 1207 622 1269 dubie
641 1207 782 1285 gratiam
801 1208 934 1270 victoris
952 1215 1147 1287 spectantes.

90 1308 130 1371 Id
149 1306 304 1419 &imagi
323 1307 421 1368 modo
438 1326 479 1369 ne
496 1307 576 1386 quid
593 1315 773 1382 moverent,
792 1327 897 1411 aeqpo
914 1308 1003 1384 satis,
1022 1309 1150 1371 Poenus
1170 1323 1184 1366 4

89 1383 393 1486 p'eriniqiio'''animo
411 1406 548 1482 ferebat,
570 1407 612 1468 ab
632 1406 733 1468 Gallis
749 1382 892 1469 ibldtum
912 1427 945 1469 se
964 1409 1089 1470 venisse
1108 1409 1149 1470 ad
1162 1415 1224 1487 ,ζμ

91 1495 280 1569 Ιίὸῇαηάοε
299 1526 354 1569 eos
373 1506 539 1569 dictitans.
585 1506 636 1568 Ob
655 1527 728 1568 eam
747 1507 838 1583 iram,
859 1507 953 1569 simul
972 1515 1010 1569 ut
1029 1480 1190 1586 praedali

91 1607 232 1670 militem
255 1606 366 1681 aleret,
390 1607 455 1668 duo
478 1606 567 1667 milia
588 1606 738 1685 peditum
760 1614 793 1669 et
815 1607 902 1669 mille
924 1608 1059 1686 equites,
1083 1608 1150 1669 Nu-

91 1707 199 1769 midas
229 1706 411 1786 plerosque,
443 1707 565 1768 mixtos
595 1707 756 1785 quosdam
786 1712 820 1769 et
850 1707 969 1781 Gallos,
1001 1708 1149 1786 populari

90 1827 225 1869 omnem
259 1806 411 1885 deinceps
445 1826 560 1884 agrum
595 1825 698 1885 usque
732 1807 774 1869 ad
810 1807 891 1868 Padi
926 1808 1011 1885 ripas
1046 1808 1148 1870 iussit.

91 1908 237 1985 Egentes
258 1925 320 1984 ope
340 1905 436 1981 Galli,
459 1925 533 1967 curn
555 1905 597 1966 ad
618 1906 651 1967 id
673 1906 789 1968 dubios
810 1914 992 1969 servassent
1013 1909 1149 1982 animos,
1170 1919 1185 1964 6

92 2006 200 2068 coacti
226 2005 268 2067 ab
293 2006 482 2068 auctoribus
507 2006 642 2068 iniuriae
667 2007 710 2068 ad
735 2007 879 2069 vindices
903 2006 1031 2069 futuros
1055 2009 1150 2070 decli-

92 2113 176 2168 nant
196 2105 377 2184 legatisque
396 2106 438 2167 ad
459 2105 605 2167 consules
624 2106 730 2167 missis
749 2107 906 2168 auxilium
926 2107 1149 2169 Romanorum

91 2213 199 2269 terrae
227 2205 269 2267 ob
291 2205 427 2267 nimiam
450 2205 613 2268 cultorum
632 2206 730 2267 fidem
750 2207 782 2295 in
802 2206 969 2269 Romanos
987 2207 1149 2270 laboranti

87 2271 200 2368 Μ.
245 2305 392 2367 Cornelio
429 2325 488 2367 nec
527 2325 624 2367 causa
661 2325 719 2367 nec
757 2312 888 2384 tempus
924 2294 1183 2385 agendae‘reir

91 2405 258 2485 placebat,
281 2411 498 2484 suspectaque
519 2405 548 2466 ei
571 2425 648 2482 gens
670 2411 741 2468 erat
764 2426 838 2467 cum
860 2407 902 2468 ob
925 2407 1024 2468 infida
1046 2408 1150 2469 multa

56 2494 60 2503 ’
91 2505 241 2567 facinora
264 2511 347 2580 tum,
370 2511 409 2566 ut
432 2504 486 2566 illa
509 2511 678 2567 vetustate
709 2505 954 2582 obsolevissent,
979 2508 1021 2569 ob
1045 2528 1151 2569 recen-

92 2612 162 2668 tem
184 2604 341 2666 Boiorum
360 2604 547 2683 perfidiam,
561 2605 791 2715 &gempronius
813 2613 926 2668 contra
948 2607 1151 2669 continendis
1171 2621 1185 2664 a

93 2706 126 2765 in
146 2704 212 2766 fide
231 2705 325 2766 sociis
344 2705 525 2766 maximum
545 2702 713 2766 uinculum
732 2725 802 2767 esse
821 2707 952 2784 primos,
974 2708 1030 2785 qui
1048 2709 1151 2785 eguis-

88 2793 166 2868 'sent
186 2824 258 2883 ope,
280 2804 429 2866 defensos
450 2804 613 2866 censebat.
659 2805 692 2866 ls
716 2811 798 2881 tum,
819 2806 939 2885 collega
965 2813 1149 2881 cunctante,
1171 2822 1186 2865 9

92 2905 281 2984 equitatum
306 2922 402 2965 suum
427 2903 514 2966 mille
538 2904 688 2982 peditum
714 2906 946 2967 iaculatoribus
970 2907 1071 2968 ferme
1095 2907 1151 2968 ad-

92 2990 206 3065 mixtis
230 3003 272 3064 ad
296 3002 538 3065 defendendum
562 3004 723 3066 Gallicum
747 3023 862 3083 agrum
885 3011 977 3066 trans
1000 3005 1151 3067 Trebiam

92 3104 208 3166 mittit.
253 3103 388 3181 Sparsos
413 3109 446 3165 et
472 3103 713 3182 incompositos,
737 3103 863 3166 adhoc
893 3106 1000 3182 gravis
1031 3106 1200 3184 praedam

92 3202 264 3284 plerosque
288 3221 362 3264 cum
384 3202 554 3281 inopinato
578 3203 784 3278 invasissent,
808 3204 973 3282 ingentem
997 3211 1150 3266 terrorem

93 3303 292 3381 caedemque
315 3321 353 3362 ac
376 3300 488 3379 fugam
511 3320 614 3379 usque
637 3302 679 3363 ad
703 3309 810 3364 castra
833 3304 1057 3382 stationesque
1079 3303 1152 3366 hos-

93 3404 178 3465 tium
202 3402 324 3477 fecere,
362 3400 448 3462 unde
473 3400 686 3462 multitudine
710 3402 814 3463 effusa
838 3403 922 3480 pulsi
944 3422 1053 3464 rursus
1077 3403 1152 3465 sub-

92 3503 174 3564 sidio
189 3520 324 3564 suorum
339 3500 499 3578 proelium
515 3500 695 3562 restituere.
740 3501 838 3563 Varia
854 3502 929 3563 inde
944 3521 1054 3580 pugna
1068 3503 1152 3565 inter
1173 3517 1198 3561 11
