2496 3908
73 247 176 300 emm.
192 248 216 308 r,
229 246 284 312 aa]
534 245 625 298 nivi
1089 229 1130 295 77
1198 221 1201 234 '

75 423 155 486 iuris
181 429 216 486 et
243 421 418 502 potestatis
444 421 516 486 erit.
561 423 659 485 Erras
686 423 784 499 enim,
812 424 848 486 L.
878 423 988 498 Paule,
1017 423 1043 486 si
1071 422 1167 486 tibi4

76 524 187 586 minus
207 522 392 585 certaminis
412 541 486 584 curn
505 522 540 584 C.
560 522 713 585 Terentio
731 542 833 602 quam
853 543 927 585 cum
947 523 1133 587 Hannibale

76 625 229 686 futurum
246 641 369 697 censes;
398 622 505 684 nescio
522 642 565 683 an
580 622 729 685 infestior
744 622 796 684 hic
812 623 1017 686 adversarius
1034 644 1133 704 quam

78 724 132 787 illc
148 723 251 785 hostis
267 729 399 785 maneat
415 729 458 796 te,
473 742 546 784 cum
562 729 599 784 tu
616 742 690 784 cum
702 722 756 784 illo
772 723 805 783 in
821 723 889 786 acie
905 730 1048 800 tantum,
1062 730 1134 786 cum
1154 739 1169 785 a

78 825 141 887 hoc
166 823 318 887 omnibus
342 823 420 884 locis
444 843 482 885 ac
507 823 710 902 temporibus
734 823 777 886 sis
803 830 995 900 certamine,
1021 830 1055 886 et
1079 823 1134 886 ad-

78 944 193 988 versus
224 923 444 985 Hannibalem
473 923 679 1004 legionesque
709 924 777 986 eius
808 924 873 987 tuis
903 924 1069 1004 equitibus
1098 944 1136 986 ac
1229 964 1232 969 -

78 1023 248 1104 peditibus
271 1023 485 1102 pugnandum
509 1023 569 1099 tibi
593 1023 646 1098 sit,
671 1024 775 1086 Varro
798 1023 867 1086 dux
891 1024 956 1086 tuis
980 1024 1138 1087 militibus

79 1130 113 1187 te
149 1124 193 1186 sit
229 1129 487 1201 oppugnaturus.
534 1122 659 1185 Ominis
695 1124 796 1186 etiam
832 1123 893 1186 tibi
923 1143 1020 1186 causa
1052 1123 1173 1186 absita

78 1224 114 1286 C.
144 1222 286 1284 Flamini
306 1222 484 1298 ·memoria;
524 1228 637 1286 tamen
665 1222 717 1286 ille
745 1223 855 1285 consul
884 1224 1017 1285 demum
1044 1229 1078 1285 et
1105 1223 1138 1284 in

78 1322 250 1404 provincia
269 1327 303 1385 et
323 1321 365 1384 ad
385 1322 564 1384 exercitum
585 1323 693 1401 coepit
711 1323 833 1399 furere,·
865 1323 926 1399 hio,
948 1324 1139 1403 priusquam

78 1427 208 1504 peteret
234 1422 450 1498 consulatum,
476 1422 593 1485 deinde
618 1423 652 1483 in
675 1423 819 1502 petendo
845 1423 1026 1498 consulatu,
1053 1442 1139 1485 nunc

79 1542 213 1603 quoque
246 1522 368 1597 consul,
401 1522 592 1601 priusquam
625 1528 732 1585 castra
765 1523 877 1585 videat
909 1529 967 1585 aut
1000 1522 1138 1598 hostem,

80 1622 214 1686 insanit.
260 1621 304 1684 Et
324 1621 381 1701 qui
400 1627 512 1684 tantas
531 1622 597 1684 iam
616 1642 703 1684 nunc
721 1623 879 1701 procellas
898 1623 1019 1702 proelia
1039 1629 1140 1701 atque
1159 1635 1174 1682 7

79 1723 167 1786 acies
195 1721 350 1784 iactando
379 1721 464 1784 inter
492 1728 623 1800 togatos
652 1722 725 1797 ciet,
756 1722 835 1801 quid
864 1723 949 1784 inter
977 1728 1140 1784 armatam

80 1823 292 1885 iuventutem
316 1840 425 1883 censes
448 1821 614 1883 facturum
638 1827 672 1884 et
696 1821 753 1883 ubi
776 1822 942 1901 extemplo
966 1843 1015 1884 res
1040 1821 1140 1884 verba

79 1922 254 2003 sequitur?
297 1920 400 2000 Atqui
428 1921 465 1996 si,
495 1921 584 2000 quod
613 1921 780 1984 facturum
808 1941 842 1984 se
871 1922 1055 1997 denuntiat,
1086 1934 1175 1984 ex-a

79 2021 207 2100 templo
237 2021 443 2099 pugnaverit,
476 2026 536 2083 aut
566 2041 625 2100 ego
656 2041 724 2084 rem
756 2021 940 2096 militarem,
973 2021 1048 2084 belli
1080 2021 1140 2083 hoc

79 2140 193 2201 genus,
227 2119 355 2182 hostem
387 2119 473 2181 huno
505 2120 617 2198 ignoro
650 2126 709 2182 aut
740 2120 879 2183 nobilior
910 2121 992 2182 alius
1023 2120 1141 2182 Trasu-

78 2241 202 2284 menno
228 2219 318 2283 locus
343 2220 463 2281 nostris
490 2220 637 2287 cladibus
663 2221 735 2282 erit.
781 2220 847 2283 Nec
873 2220 1032 2299 gloriandi
1059 2226 1176 2283 tem-a

78 2341 143 2400 pus
159 2319 317 2381 adversus
333 2338 436 2381 unum
452 2326 512 2394 est,
530 2326 563 2382 et
580 2340 640 2398 ego
658 2320 897 2382 contemnendo
914 2321 1140 2400 potiusquam

79 2420 270 2499 adpetendo
298 2419 433 2498 gloriam
461 2419 596 2481 modum
624 2420 815 2482 excesserim
824 2440 834 2495 ;-
871 2420 927 2482 sed
956 2421 1002 2482 ita
1031 2440 1080 2482 rcs
1108 2439 1141 2482 se

80 2519 200 2582 habet:
230 2537 297 2579 una
316 2518 400 2580 ratio
420 2518 494 2580 belli
513 2519 644 2597 gerendi
663 2519 820 2581 adversus
840 2519 1060 2582 Hannibalem
1079 2525 1140 2594 est,

80 2638 147 2698 qua
162 2637 223 2697 ego
237 2617 333 2696 gessii
376 2618 443 2680 Nec
458 2625 596 2680 eventus
611 2618 710 2680 modo
725 2618 786 2680 hoc
801 2619 897 2681 docet
910 2619 1141 2680 -stultorum
1162 2635 1190 2680 ro

81 2719 143 2781 iste
166 2717 323 2796 magister
345 2724 459 2793 est-·‚
474 2718 530 2780 sed
554 2718 668 2780 cadem
692 2719 786 2793 ratio,
811 2738 896 2798 quac
918 2719 992 2793 fuit,
1017 2719 1138 2794 futura,

80 2818 185 2880 donec
208 2836 258 2879 res
275 2817 408 2879 eaedem
430 2818 622 2893 manebunt,
639 2818 854 2880 immutabilis
875 2825 935 2880 est.
981 2818 1020 2878 In
1044 2819 1141 2880 ltalia
1162 2833 1190 2880 11

80 2917 205 2981 bellum
221 2917 370 2996 gerimus,
388 2917 421 2978 in
436 2917 512 2980 sede
527 2937 565 2979 ac
580 2917 648 2979 solo
664 2924 776 2979 nostro
784 2938 792 2994 ;
820 2919 930 2979 omnia
946 2919 1029 2980 circa
1045 2919 1141 2997 plena

81 3018 205 3080 civium
223 3036 261 3078 ac
279 3017 440 3078 sociorum
458 3023 551 3093 sunt;
581 3017 679 3078 armis
698 3017 775 3079 viris
793 3018 885 3096 equis
904 3018 1141 3080 commeatibus

81 3117 201 3178 iuvant
228 3115 472 3195 iuvabuntque:
510 3116 543 3177 id
570 3116 635 3177 iarn
661 3116 736 3178 fidei
763 3116 999 3179 documentum
1026 3118 1058 3177 in
1085 3117 1141 3179 ad·
1163 3127 1191 3172 12

81 3216 183 3278 versis
220 3215 316 3277 rebus
351 3217 470 3277 nostris
506 3215 683 3292 dederunt;
731 3216 879 3278 meliores
915 3216 1141 3294 prudentiores

82 3314 322 3378 constantiores
339 3334 398 3376 nos
416 3322 547 3393 tempus
564 3314 696 3394 diesque
714 3315 810 3391 faoit;
841 3315 1007 3377 Hannibal
1027 3324 1141 3379 contra

81 3415 115 3475 in
127 3414 250 3488 aliena,
269 3413 302 3481 in
320 3412 429 3481 hostili
447 3420 623 3488 est.terra,1
630 3415 715 3477 inter
732 3416 841 3476 omnia
859 3415 990 3476 inimica
1007 3415 1141 3477 infesta-
1163 3427 1198 3472 13Ἰ

82 3533 155 3593 que,
172 3512 293 3593 ,procul
306 3513 492 3580 ,anuomo
503 3513 546 3575 ab
556 3530 559 3538 ’
569 3514 677 3591 patria
684 3526 697 3589 ;'
728 3526 834 3593 neque
846 3515 900 3576 illi
912 3520 1013 3576 =›terr'a·
1030 3514 1162 3594 nequas?
