2496 3908
113 230 153 294 78
268 296 276 308 ,
434 264 435 267 ¹
592 243 682 293 mvr
967 246 1169 312 [noorxxn.

112 418 192 479 mari
211 424 260 480 est
278 438 359 496 pax,
389 418 496 480 nullae
514 438 589 480 eum
607 419 703 481 urbes
721 420 897 498 accipiunt,
916 421 1006 483 nulla
1024 423 1170 500 moenia;

63 535 91 580 14
112 516 190 578 nihil
209 536 348 596 usquam
366 518 415 579 sui
433 517 539 594 videt;
570 518 602 578 in
620 517 706 580 diem
725 525 820 597 rapto
838 520 922 581 vivit
929 541 937 595 ;
965 527 1096 599 partem
1115 523 1171 584 vix

112 617 244 679 tertiam
259 617 420 680 exercitus
434 618 503 679 eius
519 614 619 680 habet
635 637 733 697 quem
749 619 910 681 Hiberum
925 640 1058 683 amnem
1073 623 1171 686 traie

112 716 172 793 cit,
198 716 306 796 plures
321 717 407 779 same
423 736 524 796 quarn
538 718 623 779 ferro
638 717 817 796 absumpti,
833 738 893 781 nec
908 719 958 781 his
973 721 1088 798 paucis
1104 723 1171 784 iam

62 842 90 889 15
111 817 218 879 victus
242 816 443 895 suppeditat.
498 817 640 879 Dubitas
667 837 743 895 ergo
767 818 847 897 quin
868 818 1015 882 sedendo
1039 841 1172 901 supera-

111 917 177 978 turi
196 917 297 978 simus
317 935 393 978 eum
407 916 465 995 qui
483 923 630 978 senescat
647 917 679 976 in
696 916 774 992 dies,
791 937 857 978 non
874 925 1088 996 commeatus,
1106 941 1172 982 non

62 1040 91 1086 16
111 1016 386 1094 supplementum,
410 1035 475 1076 non
504 1016 677 1094 pecuniam
707 1015 851 1078 habeat?
895 1017 1083 1092 Quamdiu
1113 1041 1172 1099 pro

112 1116 258 1191 Gereoni,
276 1114 398 1177 castelli
415 1114 553 1194 Apuliae
569 1116 684 1194 inopis,
702 1121 873 1195 tamquam
889 1136 948 1194 pro
963 1117 1172 1198 Carthaginis

111 1215 290 1284 moenibus¹
311 1213 421 1277 sedet!
466 1214 529 1277 Sed
561 1235 601 1277 ne
631 1214 788 1276 adversus
819 1222 852 1278 te
883 1216 1017 1295 quidem
1048 1218 1089 1281 de
1121 1239 1172 1282 me

62 1339 90 1386 1⁷
111 1316 287 1395 gloriabor:
318 1314 473 1378 Servilius
491 1321 591 1393 atque
610 1314 739 1389 Atilius,
758 1315 899 1394 proximi
918 1317 1077 1394 consules,
1097 1318 1173 1381 vide

112 1435 209 1495 quem
223 1414 265 1477 ad
278 1414 414 1476 modum
427 1434 502 1476 eum
515 1414 675 1476 ludificati
688 1414 763 1475 sint.
810 1415 900 1476 Haeo
914 1434 979 1477 una
993 1417 1110 1480 salutis
1123 1423 1173 1480 est

112 1515 176 1590 via,
191 1516 227 1575 L.
242 1514 353 1588 Paule,
369 1533 469 1593 quam
483 1512 646 1575 difficilem
660 1513 879 1592 infestamque
894 1514 979 1577 cives
993 1515 1055 1578 tibi
1068 1519 1173 1598 magis

63 1639 92 1684 18
112 1634 212 1695 quam
248 1613 357 1676 hostes
392 1613 523 1676 sacient.
569 1612 663 1675 Idem
696 1612 783 1675 enim
818 1614 868 1676 tui
903 1614 991 1693 quod
1027 1615 1173 1680 hostium

113 1715 231 1777 milites
255 1713 377 1788 volent,
402 1713 488 1775 idem
511 1700 614 1774 Varro
638 1713 748 1774 consul
773 1713 944 1776 Romanus
967 1716 1056 1794 quod
1081 1718 1173 1778 Han-

113 1814 200 1876 nibal
229 1815 357 1875 Poenus
386 1813 563 1891 imperator
591 1813 709 1890 cupiet.
756 1813 893 1875 Duobus
921 1813 1059 1877 ducibus
1087 1835 1173 1879 unus

114 1914 243 1976 resistas
277 1920 418 1992 oportet.
464 1912 608 1974 Resistes
641 1919 763 1986 autem,
798 1913 824 1973 si
858 1913 1014 1976 adversus
1046 1914 1173 1977 famam

113 2032 322 2092 rumoresque
349 2012 519 2074 hominurn
544 2012 624 2073 satis
649 2012 762 2073 firmus
788 2013 928 2088 steteriS,
955 2013 981 2074 si
1007 2020 1041 2076 te
1067 2035 1173 2095 neque

114 2114 253 2191 collegae
282 2133 368 2174 vana
396 2112 497 2190 gloria
525 2130 630 2189 neque
658 2118 716 2173 tua
745 2110 827 2172 salsa
856 2112 991 2173 infamia
1019 2116 1171 2178 moverit.

64 2236 93 2282 19
114 2214 295 2276 Veritatem
323 2212 470 2274 laborare
504 2211 600 2272 nimis
629 2230 725 2289 saepe
752 2211 857 2285 aiunt,
887 2212 1050 2291 exstingui
1079 2234 1173 2277 num-

114 2333 229 2394 quam:
273 2332 394 2373 vanam
425 2310 560 2390 gloriam
592 2309 648 2389 qui
679 2310 848 2387 spreverit,
881 2330 994 2372 veram
1025 2311 1171 2376 habebit.

64 2431 93 2476 ao
114 2415 188 2477 Sine
220 2412 373 2476 timidum
403 2430 462 2490 pro
493 2417 600 2485 cauto,
632 2409 764 2471 tardum
785 2430 844 2488 pro
875 2411 1090 2487 considerato,
1115 2413 1172 2474 im-

114 2514 229 2576 bellem
255 2531 314 2591 pro
340 2512 445 2591 perito
471 2510 546 2572 belli
571 2515 699 2571 vocent.
744 2509 832 2570 Malo
858 2516 891 2572 te
914 2510 1042 2589 sapiens
1069 2511 1172 2575 hostis

113 2620 241 2676 metuat
256 2631 356 2691 quam
371 2610 464 2672 stulti
480 2610 565 2671 cives
580 2608 725 2670 laudent.
772 2608 890 2670 Omnia
905 2608 1082 2672 audentem
1097 2631 1172 2672 con-

64 2729 92 2773 21
115 2719 238 2776 temnet
271 2710 447 2784 Hannibal,
479 2708 557 2769 nihil
589 2714 709 2770 temere
739 2715 892 2786 agentem
922 2715 1057 2770 metuet.
1104 2710 1171 2772 Nec

113 2832 172 2891 ego
188 2818 225 2874 ut
242 2810 320 2872 nihil
338 2817 456 2888 agatur
471 2829 597 2883 mone0,
615 2807 671 2870 sed
687 2815 725 2870 ut
741 2815 893 2887 agentem
909 2815 942 2871 te
958 2808 1042 2870 ratio
1058 2808 1169 2884 ducat,

114 2932 179 2973 non
204 2912 337 2972 fortuna
346 2931 353 2985 ;
392 2916 468 2971 tuae
494 2909 669 2987 potestatis
695 2921 822 2986 semper
847 2914 884 2969 tu
910 2914 1034 2986 tuaque
1060 2910 1170 2971 omnia

113 3012 194 3086 sint;
239 3016 385 3071 armatus
417 3009 628 3086 intentusque
660 3008 703 3068 sis
710 3027 718 3082 ;
761 3014 867 3084 neque
899 3007 1060 3068 occasioni
1093 3015 1171 3071 tuae

63 3127 92 3171 22
114 3111 197 3173 desis
229 3129 333 3188 neque
365 3128 458 3169 suam
489 3107 692 3168 occasionem
723 3104 809 3167 hosti
841 3105 906 3166 des.
953 3106 1071 3168 Omnia
1104 3129 1169 3170 non

113 3209 301 3290 properanti
333 3208 417 3269 clara
449 3213 602 3285 certaque
631 3211 742 3279 erunt,
785 3204 954 3267 festinatio
985 3207 1169 3286 improvida

113 3317 212 3373 estet
229 3309 345 3372 caeca'

62 3431 105 3482 40
157 3410 321 3472 Adversus
354 3428 392 3469 ea
427 3407 531 3469 oratio
566 3404 704 3467 consulis
739 3403 827 3465 haud
861 3424 938 3468 sane
972 3405 1059 3468 laeta
1093 3407 1167 3479 fuit,

115 3511 217 3590 magis
241 3507 376 3572 fatentis
400 3527 438 3569 ea
463 3525 547 3585 quae
572 3505 692 3566 diceret
717 3522 794 3565 vera
819 3522 920 3583 quarn
944 3505 1051 3568 facilia
1076 3507 1168 3569 factu
