2496 3908
142 230 183 294 38
580 182 584 188 ¹
623 245 713 295 arvr
1012 247 1109 313 [soon
1122 249 1186 301 xxi

142 438 250 480 mense
281 439 300 479 a
330 419 526 498 Carthagine
557 420 662 496 Nova,
694 427 732 484 ut
762 421 897 501 quidam
927 428 1079 486 auctores
1108 430 1187 500 sunt,

105 518 257 598 aquinto
287 518 412 581 decimo
441 520 493 582 die
522 520 659 600 Alpibus
687 522 858 600 superatis.
903 522 1056 599 Quantae
1086 524 1189 605 copiae

141 626 340 698 transgresso
374 619 407 679 in
439 620 573 682 Italiam
607 621 785 683 Hannibali
818 621 951 698 fuerint,
976 611 1190 705 xnequaquam

140 720 225 783 inter
257 727 406 783 auctores
439 726 579 783 constat.
624 721 688 798 Qui
720 721 907 800 plurimum,
942 730 1076 786 centum
1109 725 1190 787 milia
1235 762 1237 777 ι

140 821 299 900 peditum,
320 821 435 899 viginti
455 821 606 900 equitum
623 821 723 884 fuisse
741 821 888 885 scribunt
895 843 904 899 ;
936 822 992 902 qui
1011 824 1190 902 minimum,

104 939 119 984 3
140 921 255 1000 viginti
276 921 365 983 milia
385 921 544 1000 peditum,
565 941 624 983 sex
642 922 801 1001 equitum.
847 923 883 984 L.
904 922 1034 986 Cincius
1054 924 1192 989 Alimen-

89 1068 112 1079 ..
140 1028 204 1097 tua,
224 1024 280 1103 qui
301 1029 435 1102 captum
454 1043 488 1086 se
507 1023 549 1085 ab
570 1024 756 1086 Hannibale
775 1023 898 1099 scribit,
919 1025 1063 1089 maxime
1081 1033 1192 1090 auctor

44 1166 58 1205 a·
140 1130 296 1198 moveret,
319 1123 380 1184 nisi
404 1123 617 1186 confunderet
640 1143 813 1186 numerum
834 1123 935 1186 Gallis
957 1125 1193 1207 Liguribusque

41 1230 44 1235 '
103 1240 118 1282 r
139 1222 277 1285 additis:
313 1243 387 1285 cum
410 1223 459 1285 his
483 1223 651 1301 octoginta
675 1223 763 1284 milia
787 1223 946 1336 pegbtum,
971 1224 1085 1288 decem
1108 1226 1193 1307 equi·

139 1330 211 1385 tum
230 1323 374 1385 adducta
388 1323 474 1383 —in
494 1323 591 1384 ltalia
611 1324 713 1402 magis
731 1304 906 1388 adfluxisse
924 1324 992 1388 veri
1011 1325 1117 1390 simile
1135 1333 1192 1402 est,

103 1443 118 1487 5
139 1429 172 1484 ct
194 1423 242 1485 ita
265 1423 400 1503 quidam
423 1429 572 1485 auctores
595 1430 672 1485 sunt
686 1444 741 1499 -;
776 1444 817 1486 ex
839 1424 909 1502 ipso
932 1431 1045 1488 autem
1068 1427 1194 1491 audisse

140 1523 335 1598 Hannibale,
360 1530 537 1603 postquam
560 1522 760 1585 Rhodanum
782 1525 957 1599 transierit,
981 1526 1119 1604 triginta
1140 1547 1194 1591 sex

139 1623 227 1684 milia
248 1622 418 1685 hominum
439 1623 669 1702 ingentemque
690 1642 863 1686 numerum
883 1644 1043 1704 equorum
1063 1633 1097 1690 et
1118 1627 1193 1690 alio

139 1742 211 1783 rum
236 1723 457 1785 iumentorum
479 1723 633 1784 amisisse.
696 1721 827 1783 Taurini
857 1724 1019 1803 Semigalli
1049 1726 1194 1803 proxima

102 1841 117 1885 6
139 1842 216 1899 gens
229 1830 300 1886 erat
312 1823 345 1883 in
359 1823 492 1884 ltaliam
504 1822 663 1900 degresso.
709 1823 748 1884 ld
761 1842 835 1884 cum
847 1823 932 1884 inter
943 1844 1055 1886 omnes
1068 1832 1195 1890 constet

138 1942 176 1983 eo
194 1923 296 2000 magis
315 1923 413 1983 miror
430 1922 561 1999 ambigi,
580 1941 725 2000 quanam
742 1921 833 2000 Alpis
851 1922 1027 1999 transierit,
1045 1931 1080 1987 et
1097 1926 1194 2005 vulgo

140 2022 266 2084 credere
298 2021 495 2083 Poenino-
509 2028 610 2101 atque
640 2022 716 2084 inde
746 2041 866 2084 nomen
895 2022 924 2084 ei
955 2022 1031 2101 iugo
1062 2023 1219 2104 Alpium‘

138 2122 595 2203 inditum-transgressum,
625 2120 771 2183 Coelium
801 2141 858 2199 per
886 2121 1053 2184 Cremonis
1083 2124 1195 2203 iugum

103 2239 116 2284 r
139 2222 243 2283 dicere
266 2221 435 2296 transisse;
469 2221 525 2300 qui
548 2220 646 2282 ambo
668 2221 771 2282 saltus
793 2240 869 2282 eum
890 2241 956 2283 non
978 2221 1012 2282 in
1034 2223 1195 2287 Taurinos

138 2321 194 2382 sed
224 2341 280 2399 per
307 2320 453 2383 Salassos
481 2320 656 2381 Montanos
685 2321 726 2382 ad
755 2320 876 2382 Libuos
905 2320 1015 2382 Gallos
1044 2322 1196 2386 deduxis-

102 2428 220 2482 ssent.
267 2421 333 2482 Nec
360 2420 426 2483 veri
452 2418 555 2480 simile
580 2426 629 2480 est
654 2439 692 2482 aa
718 2426 791 2480 tum
816 2419 858 2481 ad
883 2419 1024 2482 Galliam
1049 2423 1177 2501 patuiss
1218 2414 1237 2527 ,l

137 2521 254 2599 itinera
262 2541 270 2596 3
314 2520 440 2599 utique,
474 2539 558 2598 quae
591 2519 633 2580 ad
666 2519 848 2581 Poeninum
880 2519 1001 2595 ierunt,
1035 2521 1195 2602 obsaepta

102 2620 289 2698 agentibus
315 2619 564 2696 Semigermanis
589 2618 736 2680 luissent.
782 2619 896 2698 Neque
921 2619 1050 2683 hercule
1075 2622 1196 2685 monti-

138 2720 199 2781 bus
220 2719 280 2794 his,
304 2719 329 2780 si
353 2738 451 2797 quern
472 2718 556 2780 forte
578 2717 611 2779 id
634 2709 756 2792 movet,
779 2718 821 2779 ab
845 2719 987 2780 transitu
1009 2720 1215 2805 Poenorum,

130 2819 203 2882 'ullo
225 2819 346 2882 Seduni
370 2818 513 2896 Veragri,
536 2817 660 2879 incolae
682 2817 748 2895 iugi
771 2817 849 2893 eiua,
873 2838 992 2880 nomen
1014 2820 1126 2884 norint
1147 2821 1195 2882 in‘-

139 2920 256 2994 ditum,
287 2918 343 2981 sed
374 2918 415 2979 ab
445 2939 493 2993 e0,
525 2937 624 2997 quem
653 2916 686 2977 in
716 2937 845 2979 summo
875 2924 1041 2981 sacratum
1071 2894 1236 2983 vertice)

139 3019 321 3081 Poeninum
344 3018 492 3079 montani
516 3017 693 3096 appellant.
948 3024 951 3029 '
1231 3022 1234 3031 '

88 3131 130 3185 39
182 3113 427 3197 Peropportune
454 3117 496 3178 ad
522 3116 680 3196 principia
706 3135 814 3178 rerum
839 3116 998 3194 Taurinis,
1026 3120 1196 3206 proximae
1214 3124 1237 3195 ,ᾗ

139 3218 238 3298 genti,
266 3219 421 3280 adversus
448 3217 601 3278 Insubres
628 3223 756 3277 motum
782 3214 904 3278 bellum
929 3223 1009 3278 erat.
1054 3219 1119 3281 Sed
1146 3212 1217 3281 arf

139 3339 227 3381 mare
251 3317 431 3380 exercitum
457 3314 633 3390 Hannibal,
660 3322 697 3376 ut
722 3315 808 3393 parti
833 3315 926 3377 alteri
951 3316 1072 3379 auxilio
1097 3325 1194 3395 esset,

137 3419 171 3479 in
199 3417 370 3480 reficiendo
399 3416 541 3477 maxime
568 3414 765 3477 sentientem
793 3421 962 3476 contracta
990 3423 1067 3478 ante
1096 3419 1194 3493 mala,

102 3529 204 3580 anon
232 3521 378 3596 poterat:
418 3515 523 3577 otium
550 3514 638 3577 enim
665 3534 705 3575 ex
732 3512 853 3587 labore,
884 3514 976 3592 copia
1003 3535 1044 3576 ex
1072 3516 1194 3596 inopis,
