2496 3908
140 233 182 297 34
261 223 266 232 '
619 223 708 293 nrvr
1008 245 1106 312 [noox
1118 245 1182 297 ιιι

104 421 174 484 aiu
209 428 287 486 enta
306 441 380 484 curn
397 421 549 485 oneribus
567 421 837 485 devolvebantur.
881 422 973 498 Quae
991 442 1185 504 quamquam

126 442 235 585 follia
210 491 335 584 *ilii
362 529 466 597 erant,
495 522 589 585 stetit
617 542 793 602 parumper
819 528 932 585 tamen
960 522 1130 587 Hannibal
1154 543 1186 586 ac

138 641 214 685 suos
238 622 431 698 continuit
419 642 475 685 ne
499 622 681 685 tumultum
704 642 742 684 ac
765 621 1029 702 trepidationem
1044 629 1187 703 augeret;

113 722 264 797 edeinde,
288 729 465 885 1³⁰⁸le
487 722 679 802 interrumpi
702 742 820 802 agmen
841 722 926 785 vidit
948 714 1187 805 periculumque

137 841 216 898 esse,
238 843 279 886 ne
299 843 316 886 e
341 798 437 885 ulum
458 822 701 902 impedimentis
721 823 902 886 exercitum
922 823 1127 904 nequiquam
1145 825 1188 886 in·

139 923 298 986 columem
320 922 531 998 traduxisset,
548 922 690 985 decurrit
676 927 754 986 tex
775 923 940 1002 superiore
961 923 1034 986 loco
1056 929 1102 1000 et,
1120 944 1189 989 curn

137 1022 263 1102 impetu
296 1023 366 1102 ipso
399 1008 538 1085 fudisset
572 1022 710 1113 hostem,
745 1022 812 1085 suis
845 1042 977 1102 quoque
1009 1023 1188 1088 tumultum
1229 1086 1231 1093 .

89 1143 117 1188 10
138 1123 241 1184 auxit.
285 1122 349 1185 Sed
376 1122 403 1183 is
431 1122 594 1184 tumultus
623 1127 790 1185 momento
818 1123 985 1202 temporis,
1015 1130 1189 1204 postquam
1228 1102 1231 1165 l

137 1210 274 1284 liberata
304 1221 421 1285 itinera
450 1221 528 1301 fuga
560 1229 793 1285 montanorum
821 1229 926 1298 erant,
957 1221 1103 1300 sedatur,
1134 1243 1189 1288 nec

137 1341 194 1400 per
213 1322 318 1384 otium
339 1321 436 1384 modo
456 1322 513 1384 sed
534 1342 634 1401 prope
655 1322 783 1386 silentio
804 1342 882 1385 mox
902 1342 1014 1386 ornnes
1035 1323 1188 1388 traducti.

88 1429 115 1474 11
136 1421 314 1484 Castellum
338 1422 423 1497 inde,
450 1422 539 1501 quod
565 1429 664 1501 caput
689 1423 758 1485 eius
783 1423 921 1501 regionis
945 1428 1027 1498 erat,
1054 1424 1190 1487 viculos-

137 1522 405 1633 queffpjrcumiect
408 1541 443 1583 os
465 1522 563 1683 caffigt,
584 1528 618 1584 et
640 1523 771 1600 captivo
793 1522 864 1584 cibo
885 1542 923 1584 ac
944 1523 1117 1600 pecoribus
1137 1543 1191 1604 per

137 1598 283 1683 triduum
302 1622 482 1684 exercitum
533 1621 598 1698 uit;
630 1628 664 1684 et
685 1622 762 1700 quia
781 1641 879 1685 neca
900 1623 1067 1685 montanis
1087 1624 1190 1703 primo

137 1721 290 1834 perculsis
279 1721 463 1865 ¹¹03&
487 1741 605 1800 magno
628 1740 724 1799 opere
746 1721 1019 1800 impediebantur,
1043 1722 1190 1803 aliquan-

138 1827 217 1885 tuni
227 1800 265 1883 eb
250 1788 396 1882 mlllduo
409 1840 481 1883 viae
499 1840 558 1883 con
559 1821 646 1883 fecit.

87 1925 130 1974 34
182 1921 380 1982 Perventum
407 1920 481 1983 inde
508 1921 550 1982 ad
576 1921 782 1999 frequentem
809 1921 987 1984 cultoribus
1014 1922 1127 2000 aliurn,
1154 1929 1190 1987 ut

138 2020 224 2082 inter
256 2026 439 2095 montanos,
474 2020 642 2099 populum.
688 2020 738 2082 Ibi
771 2041 837 2083 non
869 2021 954 2083 bello
986 2030 1103 2102 aperto
1136 2023 1220 2111 sed-„2

138 2121 203 2181 suis
227 2120 362 2195 artibus
385 2120 501 2182 fraude
524 2128 557 2182 et
580 2121 714 2195 insidiis,
739 2128 789 2183 est
813 2141 913 2200 prope
937 2108 1193 2186 circumventus?

102 2229 117 2274 ι
137 2220 256 2298 Magno
281 2226 363 2307 natu
388 2221 548 2299 principes
575 2220 781 2283 castellorum
806 2227 950 2283 oratores
975 2220 1018 2283 ad
1043 2221 1191 2285 Poenum

138 2320 284 2394 veniunt,
306 2319 417 2383 alienis
438 2320 541 2395 malis,
563 2320 635 2382 utili
655 2320 815 2399 exemplo,
837 2308 959 2417 doctosl
971 2328 1191 2386 memorantes

102 2419 316 2482 semicitiam
341 2419 436 2482 malle
461 2439 561 2499 quam
587 2420 654 2480 vim
678 2421 816 2500 experiri
842 2421 1026 2482 Poenorum
1033 2441 1041 2497 ;
1078 2422 1191 2502 itaque

137 2518 347 2581 oboedienter
371 2520 532 2598 imperata
556 2512 702 2582 facturos
710 2541 717 2596 ;
756 2528 977 2582 commeatum
1001 2521 1191 2602 itinerisque

101 2636 116 2680 4
137 2619 235 2681 duces
253 2626 286 2681 et
306 2619 348 2680 ad
367 2620 465 2681 fidem
485 2621 717 2698 promissorum
736 2620 864 2682 obsides
884 2621 1054 2700 acciperet.
1102 2622 1191 2684 Han-

137 2717 224 2779 nibal
248 2739 307 2780 nec
331 2725 451 2781 temere
476 2719 673 2780 credendum
696 2739 754 2781 nec
779 2720 1000 2798 aspernandos
1023 2727 1126 2797 ratus
1151 2742 1191 2784 ne

137 2817 299 2896 repudiati
333 2825 445 2897 aperte
479 2817 588 2880 hostes
622 2819 745 2894 fierent,
781 2819 918 2896 benigne
953 2839 1027 2881 curn
1060 2840 1191 2900 respon-

137 2917 237 2979 disset
267 2917 446 2992 obsidibus,
478 2938 560 2997 quos
591 2918 726 2993 dabant,
758 2919 900 2996 acceptis
935 2927 969 2982 et
1006 2927 1191 2983 commeatu

137 3036 235 3094 quem
253 3017 287 3078 in
307 3017 396 3079 viam
414 3018 475 3096 ipsi
495 3017 681 3080 detulerant
700 3037 788 3093 usus,
809 3038 1029 3097 nequaquam,
1050 3026 1087 3081 ut
1107 3021 1193 3084 inter

100 3123 272 3194 apacatos
298 3117 479 3195 composito
505 3117 633 3195 agmine
660 3117 758 3179 duces
783 3137 896 3179 eorum
921 3119 1078 3197 sequitur.
1124 3119 1193 3180 Pri-

137 3236 227 3277 mum
250 3236 366 3294 agmen
389 3217 554 3295 elephanti
577 3223 610 3278 et
633 3218 760 3295 equites
782 3224 891 3292 erant;
927 3218 995 3296 ipse
1018 3225 1093 3296 post
1117 3239 1192 3282 cum

137 3315 250 3378 robore
279 3316 429 3395 peditum
458 3317 731 3395 circumspectans
760 3316 981 3396 sollicitusque
1010 3318 1052 3379 ad
1081 3319 1192 3380 omnia

100 3425 116 3470 6
136 3415 318 3479 incedebat.
363 3415 427 3478 Ubi
443 3416 477 3477 in
494 3416 715 3494 angustiorem
731 3417 820 3478 viam
836 3423 869 3479 et
887 3423 979 3495 parte
996 3417 1099 3480 altera
1116 3419 1192 3481 sub-

136 3513 255 3578 iectam
277 3515 352 3593 iugo
380 3515 512 3594 insuper
533 3515 715 3579 imminenti
739 3523 876 3579 ventum
899 3523 959 3591 est,
983 3517 1128 3595 undique
1151 3538 1193 3582 ex
