2496 3908
89 257 193 308 Caura.
205 255 247 317 39,
261 256 303 316 40,
316 255 372 321 ll]
581 253 670 304 LIVY
1108 242 1149 308 79

89 451 171 495 esse.
218 432 381 494 Dictatori
400 431 594 509 magistrum
612 431 762 510 equitum
781 431 1019 494 intolerabilem
1036 431 1152 493 luisse:
1173 449 1188 494 a

90 533 173 613 quid
203 532 328 594 consuli
356 531 514 593 adversus
543 530 699 608 collegam
727 531 919 592 seditiosum
947 551 985 592 ac
1014 537 1152 593 temera-

90 635 178 695 rium
206 632 326 693 virium
354 639 456 710 atque
483 631 691 692 auctoritatis
718 629 810 691 fore?
853 631 894 693 Se
921 631 1078 709 populare
1106 631 1189 692 in-3

92 733 247 796 cendium
277 731 384 811 priore
415 729 587 792 consulatu
618 737 800 792 semustum
830 730 980 808 effugisse
987 751 995 806 ;
1039 736 1154 810 optare

92 839 131 895 ut
150 831 261 893 omnia
274 850 427 910 prospere
444 830 629 905 evenirent;
651 829 708 891 sed
724 830 751 891 si
769 829 849 908 quid
866 829 994 892 adversi
1013 830 1154 905 caderet,

92 933 241 994 hostium
263 950 297 992 se
319 929 392 992 telis
413 930 525 1008 potius
547 948 647 1008 quam
669 928 831 1006 suffragiis
853 930 1011 991 iratorum
1034 931 1156 992 civium

94 1038 197 1109 caput
213 1029 431 1092 obiecturum.

137 1131 190 1192 Ab
221 1129 283 1192 hoc
314 1149 462 1192 sermone
493 1129 677 1209 profectum
709 1129 849 1191 Paulum
880 1130 1018 1192 tradunt
1049 1143 1192 1210 prose-4

95 1228 276 1310 quentibus
304 1228 502 1308 primoribus
531 1237 664 1308 patrum
671 1249 679 1304 ;
720 1228 884 1307 plebeium
908 1230 1074 1292 consulem
1099 1249 1159 1292 sua

95 1328 208 1410 plebes
231 1335 416 1408 prosecuta,
440 1328 539 1390 turba
568 1328 780 1406 conspectior,
806 1348 880 1389 cum
904 1328 1082 1406 dignitates
1106 1329 1160 1392 de·

94 1435 216 1492 essent.
261 1429 308 1491 Ut
331 1429 364 1488 in
389 1435 496 1490 castra
520 1435 691 1502 venerunt,
716 1428 880 1505 permixto
904 1447 991 1489 novo
1015 1429 1195 1492 exercituo

96 1549 134 1591 ao
156 1536 278 1603 vetere,
301 1528 415 1590 castris
436 1527 589 1589 bifariam
608 1527 715 1602 iactis,
737 1534 776 1589 ut
796 1547 884 1588 nova
906 1529 1032 1589 minora
1053 1536 1161 1591 essent

96 1611 233 1708 propius
260 1626 492 1702 Hannibalem,
520 1627 553 1686 in
580 1626 746 1689 veteribus
773 1627 877 1688 maior
903 1647 978 1706 pars
1005 1634 1038 1690 et
1065 1648 1161 1690 omne

97 1727 200 1790 robur
227 1727 348 1788 virium
375 1733 470 1800 esset,
501 1726 671 1788 consulum
699 1727 776 1787 anni
806 1727 921 1805 prioris
951 1727 993 1787 M.
1025 1727 1197 1790 Atiliume

98 1834 246 1890 aetatem
273 1833 487 1888 excusantem
516 1825 659 1886 Romam
688 1827 856 1900 miserunt,
888 1826 1064 1888 Geminum
1092 1827 1163 1889 Ser-

98 1927 216 1988 vilium
240 1925 274 1986 iu
299 1925 478 1987 minoribus
504 1925 618 1986 castris
642 1925 758 2002 legioni
785 1925 956 1988 Romanae
981 1933 1015 1989 et
1039 1927 1164 1988 socium

99 2027 252 2105 peditum
273 2026 490 2104 equitumque
514 2024 643 2086 duobus
667 2025 797 2086 milibus
822 2025 1027 2104 praeficiunt.
1074 2027 1198 2088 Han-t

99 2125 190 2187 nibal
218 2144 423 2204 quamquam
451 2132 544 2203 parte
572 2125 708 2187 dimidia
736 2132 851 2187 auctas
880 2124 1026 2188 hostium
1055 2127 1164 2206 copias

101 2224 267 2300 comebat,
291 2231 403 2287 tamen
426 2224 574 2286 adventu
597 2224 767 2286 consulum
789 2226 869 2287 mire
892 2225 1043 2303 gaudere.
1090 2226 1165 2288 Non
1185 2235 1200 2280 8

99 2325 208 2387 solum
226 2325 313 2386 enim
332 2322 412 2384 nihil
431 2344 473 2386 ex
492 2325 595 2402 raptis
614 2325 646 2384 in
667 2323 754 2387 diem
774 2325 1013 2388 commeatibus
1033 2346 1165 2405 supera-

99 2425 170 2498 bat,
194 2423 251 2486 sed
273 2444 313 2486 ne
336 2423 423 2485 unde
446 2430 574 2502 raperet
597 2424 731 2502 quidem
753 2425 933 2504 quicquam
956 2425 1071 2504 reliqui
1093 2433 1164 2489 erat

99 2524 190 2587 omni
222 2523 367 2602 undique
397 2522 574 2596 frument0,
606 2530 784 2602 postquam
816 2544 892 2601 ager
923 2545 1039 2603 parum
1071 2532 1200 2588 tutusa

100 2629 183 2699 crat,
208 2623 242 2683 in
265 2621 361 2684 urbes
385 2622 530 2683 munitas
555 2629 723 2697 convecto,
747 2630 785 2685 ut
809 2623 866 2684 vix
890 2624 1002 2686 decem
1026 2625 1163 2700 dierum,

100 2721 192 2801 quod
233 2726 437 2800 compertum
477 2728 592 2801 postea
631 2729 692 2796 est,
725 2723 929 2785 frumentum
970 2731 1162 2803 superesset,

101 2822 392 2901 Hispanorumque
421 2819 464 2882 ob
493 2820 639 2900 inopiam
668 2822 819 2885 transitio
850 2829 967 2901 parata
997 2823 1106 2900 fuerit,
1136 2825 1162 2885 si

100 2921 277 2983 maturitas
297 2927 485 3001 temporum
504 2927 695 3000 exspectata
714 2922 811 2984 foret.

118 3021 295 3092 vCeterum
327 3021 507 3084 temeritati
540 3021 679 3083 consulis
711 3042 749 3083 ac
781 3041 998 3101 praepropero
1031 3023 1205 3102 ingenio41

100 3121 275 3183 materiam
291 3121 393 3183 etiam
410 3122 544 3183 fortuna
562 3121 663 3197 dedit,
683 3121 772 3200 quod
789 3121 822 3182 in
840 3121 1051 3200 prohibendis
1069 3143 1161 3202 prae-

100 3219 272 3295 datoribus
290 3219 507 3283 tumultuario
526 3219 647 3299 proelio
666 3241 703 3282 ac
722 3241 878 3299 procursu
897 3223 1000 3301 magis
1019 3222 1159 3285 militum

101 3340 203 3400 quam
224 3341 266 3383 ex
288 3326 485 3399 praeparato
508 3327 566 3382 aut
590 3320 678 3382 iussu
702 3321 938 3399 imperatorum
961 3329 1034 3384 orto
1057 3321 1160 3384 haud-

48 3423 54 3435 '
101 3439 270 3499 quaquam
289 3440 350 3498 par
367 3420 484 3482 Poenis
504 3420 672 3482 dimicatio
690 3420 764 3482 fuit.
810 3421 861 3482 Ad
880 3420 967 3484 mille
985 3428 1018 3484 et
1037 3422 1160 3500 septin-
1180 3435 1195 3479 2

101 3520 190 3598 genti
216 3520 309 3593 caesi,
335 3539 401 3580 non
426 3518 498 3598 plus
524 3526 657 3581 centum
681 3520 908 3582 Romanorum
932 3521 1158 3600 sociorumque
