2496 3908
139 207 158 270 2
619 228 708 277 arvi*
1007 226 1193 292 [aooxxxa

137 394 266 458 Africae
280 396 395 460 fraude
418 397 639 461 Romanorum
654 399 815 478 stipendio
831 399 929 462 etiam
943 401 1072 481 insuper
1088 403 1191 485 impo-

97 496 200 559 2sito
228 496 453 576 interceptam.
485 499 560 560 'His
587 501 703 562 anxius
732 503 815 564 curis
830 503 878 566 ita
903 523 937 566 se
963 505 1073 568 Africo
1090 507 1189 586 bello,

137 598 225 677 quod
257 598 320 661 fuit
343 600 402 660 sub
427 605 591 661 recentem
613 601 799 663 Romanam
822 623 947 681 pacem,
963 624 1021 683 per
1042 607 1190 688 quinque

101 720 116 765 2
137 718 249 775 annoS,
261 698 308 762 ita
317 699 435 760 deinde
447 718 567 760 novem
577 700 670 763 annis
683 701 716 761 in
730 702 890 780 Hispania
901 696 1189 783 angendo'Punico

134 799 270 877 imperio
282 799 381 877 gessit
395 806 433 861 ut
446 808 618 876 appareret
632 801 735 862 maius
747 821 823 864 eum
835 822 935 881 quam
947 806 1035 883 quod
1048 815 1186 890 gereret,

134 901 257 978 agitare
273 899 305 959 in
324 899 433 960 animo
456 898 579 961 bellum
594 908 638 976 et,
655 901 681 961 si
697 901 821 982 diutius
837 903 982 980 vixisset,
999 904 1188 988 Hamilcare

133 1001 215 1062 duce
241 998 366 1061 Poenos
392 1018 483 1060 arma
513 999 630 1061 Italiae
654 999 799 1063 illaturos
824 1001 931 1078 fuisse,
954 1022 1037 1083 quae
1063 1004 1189 1068 Hanni·

131 1101 214 1163 balis
234 1100 337 1161 ductu
357 1099 548 1161 intulerunt.

98 1221 113 1266 3
175 1201 260 1261 Mors
284 1199 478 1261 Hamilcaris
501 1206 746 1276 peropportuna
768 1206 801 1262 et
824 1199 965 1277 pueritia
988 1201 1186 1266 Hannibalis

131 1300 329 1363 distulerunt
350 1300 483 1362 bellum.
530 1299 655 1361 Medius
678 1300 866 1363 Hasdrubal
889 1301 974 1364 inter
996 1309 1126 1380 patrem
1147 1324 1185 1367 ao

131 1401 233 1462 filium
251 1408 325 1462 octo
341 1399 441 1461 ferme
456 1419 559 1460 annos
583 1400 756 1478 imperium
780 1401 934 1478 obtinuit,
950 1401 1030 1464 flore
1053 1404 1185 1482 aetatis

96 1501 179 1567 suti
205 1501 325 1576 ferunt,
354 1500 459 1587 primo
482 1499 660 1561 Hamilcari
689 1500 890 1578 conciliatus,
914 1521 1012 1579 gener
1038 1502 1115 1565 inde
1141 1505 1183 1567 ob

131 1600 229 1662 aliam
244 1600 386 1662 indolem
403 1599 549 1677 profecto
565 1598 664 1660 animi
681 1599 825 1662 adscitus
840 1584 976 1679 et,'quia
988 1621 1086 1679 gener
1100 1611 1183 1681 erat,

130 1700 281 1764 factionis
303 1699 458 1761 Barcinae
481 1695 607 1777 o'pibus,
627 1717 711 1777 quae
737 1701 824 1777 apud
848 1700 966 1763 milites
989 1701 1184 1782 plebemque

131 1800 202 1878 plus
217 1819 317 1881 quam
336 1799 481 1860 modicae
496 1807 600 1874 erant,
615 1797 703 1860 haud
718 1818 796 1860 sane
809 1799 984 1863 voluntate
997 1801 1184 1880 principum

95 1900 162 1973 sin
184 1900 320 1979 imperio
346 1899 480 1977 positus.
537 1899 569 1959 Is
599 1897 693 1976 plura
720 1899 853 1961 consilio
881 1920 982 1979 quarn
1007 1901 1040 1962 vi
1068 1921 1183 1979 gerens

129 2000 278 2080 hospitiis
302 1999 403 2077 magis
426 1998 611 2076 regulorum
630 1998 905 2078 conciliandisque
927 2020 984 2079 per
1002 2000 1183 2065 amicitiam

130 2100 313 2180 principum
338 2099 432 2160 novis
456 2098 608 2175 gentibus
644 2117 744 2175 quam
776 2098 862 2160 bello
896 2107 954 2162 aut
986 2101 1084 2162 armis
1114 2121 1183 2182 rem

94 2210 110 2257 e
129 2199 429 2278 Carthaginiensem
445 2198 547 2260 auxit.
579 2198 732 2260 Ceterum
747 2197 847 2260 nihilo
863 2199 891 2260 ei
904 2219 970 2277 pax
985 2200 1089 2262 tutior
1101 2200 1182 2264 fuit:

128 2301 287 2365 barbarus
312 2319 388 2361 eum
416 2298 551 2377 quidam
577 2298 687 2376 palam
712 2298 752 2359 ob
780 2298 863 2359 iram
884 2298 1047 2362 interfecti
1074 2301 1115 2362 ab
1143 2320 1182 2363 eo

128 2401 251 2465 domini
279 2398 500 2474 obtruncavit,
520 2416 794 2476 comprensusque
821 2398 861 2459 ab
891 2399 1181 2463 circumstantibus

129 2500 216 2564 haud
230 2498 303 2575 alio,
317 2498 454 2578 quamsi
468 2497 635 2573 evasisset,
650 2496 756 2572 vultu,
770 2497 943 2560 tormentis
961 2517 1092 2577 quoque
1106 2518 1182 2562 curn

129 2601 333 2675 laceraretur,
347 2618 385 2660 eo
403 2597 466 2659 fuit
484 2596 600 2658 habitu
619 2596 681 2656 oris
695 2603 744 2671 ut,
756 2604 932 2673 superante
949 2597 1076 2660 laetitia
1091 2599 1181 2663 dolo·
1224 2639 1227 2645 ›

94 2719 188 2777 rros,
213 2698 348 2762 ridentis
373 2697 475 2760 etiam
498 2695 639 2773 speciem
658 2695 852 2773 praebuerit.
898 2696 981 2757 Cum
1007 2697 1068 2760 hoc
1096 2698 1180 2760 Has-

128 2797 273 2876 drubale,
293 2797 370 2876 quia
389 2796 488 2857 mirae
507 2795 586 2856 artis
605 2794 638 2854 in
664 2793 877 2856 sollicitandis
901 2795 1054 2872 gentibus
1079 2796 1181 2876 impe-

128 2900 240 2979 rioque
261 2917 320 2960 suo
343 2895 514 2973 iungendis
531 2894 651 2969 fuerat,
669 2892 784 2954 foedus
798 2903 1015 2958 renovaverat
1038 2897 1179 2974 populus

128 2999 308 3074 Romanus,
325 3004 362 3059 ut
384 2985 456 3055 finis
479 2993 650 3071 utriusque
672 2992 797 3069 imperii
813 3000 898 3055 esset
915 2994 1019 3055 amnis
1036 2995 1179 3058 Hiberus

127 3096 380 3175 Saguntinisque
409 3093 523 3155 mediis
548 3093 632 3155 inter
661 3091 797 3169 imperia
818 3091 958 3154 duorum
982 3094 1179 3172 populorum

127 3199 259 3262 libertas
273 3201 467 3257 servaretur.

87 3320 109 3371 8
169 3298 208 3361 ln
224 3291 435 3359 Hasdrubalis
453 3290 556 3355 locum
571 3291 657 3353 haud
669 3290 769 3353 dubia
780 3309 829 3354 res
842 3289 904 3353 fuit
919 3291 997 3371 quin
1011 3311 1180 3372 praeroga-

129 3399 229 3462 tivam
251 3393 434 3469 militarem,
449 3410 514 3472 qua
535 3389 696 3468 extemplo
716 3389 839 3451 iuvenis
856 3390 1020 3453 Hannibal
1039 3391 1073 3453 in
1088 3412 1178 3471 prae

128 3496 245 3561 torium
280 3493 406 3557 delatus
440 3491 675 3570 imperatorque
710 3487 831 3566 ingenti
868 3488 1012 3551 omnium
1042 3491 1179 3556 clamore
