2496 3908
55 247 156 299 culm.
172 246 277 313 14,1t.]
545 246 635 297 nrvr
675 258 678 264 ·
1054 237 1117 303 113

54 422 185 486 litteras
223 441 329 502 neque
366 421 526 486 resolutas
565 442 640 484 cum
678 423 712 484 in
749 423 871 503 gremio
909 424 1115 503 reposuisset,

55 522 210 602 praeconi
232 522 418 601 imperavit,
442 528 480 585 ut
502 522 650 585 lictorem
672 522 741 602 lege
764 543 858 603 agere
880 523 1016 587 iuberet.
1061 524 1115 587 Ita

55 622 97 684 de
120 622 160 684 iis
183 641 325 701 quoque,
349 621 406 701 qui
429 621 562 684 Calibus
584 628 689 699 erant,
714 629 885 701 sumptum
907 623 1113 702 supplicium.

54 721 141 783 Turn
176 721 306 784 litterae
339 721 443 784 lectae
476 728 675 800 senatusque
710 721 896 784 consultum
930 742 1037 785 serum
1071 723 1114 786 ad
1135 735 1164 781 10

55 820 300 900 impediendam
321 840 390 882 rem
412 827 532 896 actam,
555 840 640 900 quae
662 840 791 883 summa
813 841 874 900 ope
894 824 1113 901 adproperata

55 923 137 992 erat,
168 935 209 978 ne
237 916 387 994 impediri
416 921 536 994 posset.
580 916 837 996 Consurgentem
865 917 932 979 iam
960 917 1113 980 Fulvium
1135 932 1161 977 11

55 1017 183 1078 Taurea
214 1014 372 1077 Vibellius
402 1015 599 1094 Campanus,
631 1035 689 1094 per
718 1016 861 1079 mediam
891 1017 1015 1079 vadens
1045 1023 1113 1080 tur-

55 1116 144 1191 bam,
169 1115 300 1177 nomine
324 1114 515 1177 inclamavit
538 1121 582 1191 et,
608 1134 683 1177 cum
705 1115 930 1192 mirabundus,
954 1116 1112 1196 quidnam

54 1234 123 1277 sese
157 1214 273 1296 uellet,
309 1214 480 1278 resedisset
524 1215 670 1291 Flaccus,
712 1215 781 1278 ‘me
822 1216 967 1295 quoque'
1004 1217 1112 1296 inquit
1133 1231 1161 1276 12

54 1314 147 1377 ‘iube
173 1314 286 1390 occidi,
313 1320 352 1377 ut
378 1315 508 1393 gloriari
533 1315 637 1394 possis
667 1315 772 1377 multo
806 1315 984 1392 fortiorem,
1011 1335 1112 1396 quam

55 1414 123 1493 ipse
156 1434 201 1490 es,
236 1414 343 1476 virum
377 1415 436 1476 abs
470 1420 503 1477 te
537 1415 680 1477 occisum
713 1416 804 1478 esse!
856 1415 938 1477 Cum
976 1416 1111 1483 Flaccus
1133 1428 1161 1473 13

54 1518 188 1593 negaret
223 1514 370 1592 profecto
406 1515 486 1576 satis
522 1521 708 1593 compotem
743 1515 863 1577 mentis
898 1535 976 1591 esse,
1013 1515 1111 1578 modo

54 1613 218 1693 prohiberi
249 1613 349 1676 etiam
380 1633 423 1689 se,
456 1614 482 1675 si
514 1613 547 1676 id
578 1614 686 1691 vellet,
719 1620 852 1677 senatus
884 1614 1033 1677 consulto
1064 1615 1111 1677 di·

55 1719 151 1788 ceret,
186 1718 259 1775 tum
292 1713 449 1776 Vibellius
483 1714 633 1792 ‘quando
669 1714 817 1793 quidem’
854 1715 962 1794 inquit
996 1715 1110 1793 ‘capta
1132 1727 1160 1772 14

54 1813 173 1891 patria,
205 1812 396 1892 propinquis
427 1813 604 1892 amicisque
635 1814 772 1889 amissis,
805 1833 880 1875 cum
911 1815 979 1893 ipse
1011 1834 1111 1876 manu
1200 1848 1202 1853 ·

54 1932 128 1974 mea
156 1911 326 1991 coniugem
351 1912 534 1991 liberosque
560 1913 787 1989 interfecerim,
814 1933 855 1975 ne
882 1913 961 1993 quid
988 1912 1110 1993 indigni

54 2017 258 2090 paterentur,
276 2011 355 2072 mihi
372 2031 412 2074 ne
428 2012 543 2073 mortis
560 2012 693 2091 quidem
710 2013 803 2091 copia
819 2012 934 2075 eadem
950 2020 1009 2090 est,
1028 2033 1128 2092 quae¹

55 2110 104 2172 his
131 2110 257 2172 civibus
283 2111 372 2185 meis
399 2116 534 2189 petatur
557 2132 577 2173 a
602 2112 727 2173 virtute
752 2112 876 2174 invisae
901 2112 998 2175 huius
1023 2113 1112 2176 vitae

55 2209 225 2272 vindicta!
280 2210 390 2289 Atque
418 2210 465 2273 ita
493 2211 611 2289 gladio,
641 2230 740 2291 quem
768 2217 859 2274 veste
887 2217 1024 2289 texerat,
1055 2232 1113 2291 per
1132 2227 1161 2272 15

56 2309 231 2371 adversum
273 2316 388 2388 pectus
429 2311 606 2372 transfixus
648 2317 726 2373 ante
767 2311 866 2390 pedes
907 2310 1112 2391 imperatoris

56 2407 271 2471 moribundus
290 2408 475 2488 procubuit.
