2496 3908
90 229 193 280 cnara.
209 229 232 290 1,
247 229 287 296 2.]
575 226 664 276 LIVY
884 222 886 232 '
1105 214 1146 277 93

91 404 148 485 qui
170 404 276 485 priore
297 424 384 466 anno
405 403 438 465 in
459 402 578 483 Apulia
598 401 693 466 foede
715 421 826 465 caesus
845 401 1044 483 fugatusque
1064 408 1145 466 erat.

91 505 179 568 Huic
199 505 308 584 generi
328 503 471 566 militum
491 508 625 565 senatus
644 501 785 565 eundem
805 521 903 581 quem
923 501 1147 566 Cannensibus
1167 520 1197 568 1ο

90 606 191 667 finem
226 610 389 667 statuerat
425 602 558 664 militae.
603 601 764 664 Additum
798 601 899 664 etiam
933 608 1147 683 utrorumque

90 704 288 784 ignominiae
312 710 372 780 est,
397 722 439 766 ne
463 703 496 763 in
520 701 649 782 oppidis
673 701 882 764 hibernarent
906 721 988 764 neve
1012 701 1147 765 hiberna

89 805 226 885 propius
240 802 341 866 ullam
355 803 470 865 urbem
485 802 596 865 decem
611 801 742 864 milibus
756 819 912 881 passuum
927 800 1146 865 aedificarent.

78 905 127 991 ¹L.
154 903 302 967 Cornelio
326 903 360 965 in
384 902 534 966 Sardinia
558 901 643 965 duae
666 900 807 980 legiones
831 900 939 977 datae,
964 901 1083 982 quibus
1107 903 1145 979 Q.
1168 921 1195 966 11
1222 888 1224 891 ⁵

90 1005 220 1066 Mucius
233 1003 437 1083 praefuerat3
462 1001 738 1082 supplementum,
754 1002 780 1062 si
795 1020 877 1081 opus
891 1007 985 1077 esset,
1002 1001 1147 1065 consules

44 1119 48 1124 ’
90 1105 231 1168 scribere
246 1104 334 1165 iussi.
378 1103 415 1164 T.
433 1101 572 1165 Otacilio
587 1108 620 1164 et
636 1102 679 1162 Μ.
696 1100 824 1163 Valerio
840 1100 965 1164 Siciliae
980 1100 1147 1165 Graeciae-
1168 1117 1196 1164 12

91 1223 155 1285 que
180 1223 237 1267 ora
262 1223 336 1266 cum
359 1202 540 1281 legionibus
564 1200 795 1280 classibusque,
821 1201 939 1280 quibus
963 1208 1146 1281 praeerant,

91 1305 258 1380 decretae;
287 1302 526 1382 quinquaginta
542 1301 677 1363 Graecia
694 1320 768 1363 cum
783 1300 907 1380 legione
923 1319 998 1377 una,
1016 1307 1147 1364 centum

91 1402 201 1468 Sicilia
227 1422 301 1466 eum
326 1401 456 1464 duabus
479 1400 659 1479 legionibus
684 1399 851 1463 habebant
876 1420 986 1463 naves.
1030 1401 1147 1464 Tribus
1168 1418 1196 1465 13

91 1509 126 1567 et
137 1491 447 1582 vigintilegionibus
458 1500 616 1564 Romanis
626 1520 665 1563 eo
676 1519 762 1562 anno
773 1499 894 1562 bellum
905 1506 990 1563 terra
1001 1501 1147 1580 marique

91 1608 143 1667 est
159 1608 297 1682 gestum.

135 1702 299 1782 Principio
316 1701 385 1765 eius
402 1701 480 1764 anni
498 1721 572 1763 cum
590 1699 631 1764 de
647 1699 764 1763 litteris
781 1701 817 1762 L.
836 1700 947 1763 Marcii
964 1702 1145 1777 referretur,
1161 1713 1182 1762 2

91 1822 143 1866 res
159 1807 270 1881 gestae
285 1801 477 1880 magnificae
493 1800 622 1863 senatui
637 1800 742 1877 visae;
770 1800 886 1863 titulus
901 1800 1041 1877 honoris,
1059 1800 1147 1881 quod

91 1901 229 1982 imperio
245 1920 311 1964 non
325 1899 439 1980 populi
454 1901 554 1977 iussu,
571 1920 636 1962 non
651 1920 693 1963 ex
707 1900 905 1963 auctoritate
919 1906 1053 1979 patrum
1068 1900 1146 1963 dato

91 2003 303 2081 ‘propraetor
326 1999 470 2063 senatui’
500 1999 682 2079 scripserat,
706 2019 860 2078 magnam
888 2007 1016 2079 partem
1044 1992 1147 2063 homi·

91 2121 173 2164 num
191 2099 395 2163 offendebat:
424 2119 492 2161 rem
510 2098 587 2160 mali
604 2099 744 2178 exempli
761 2118 840 2175 esse,
858 2099 1070 2179 imperatores
1085 2100 1145 2180 legi
1167 2113 1182 2159 a

91 2202 135 2264 ab
165 2200 362 2263 exercitibus
390 2204 424 2261 et
454 2197 608 2261 sollemne
637 2197 912 2278 auspicandorum
943 2200 1147 2263 comitiorum

91 2302 126 2363 in
142 2307 249 2364 castra
264 2306 297 2363 et
311 2298 497 2379 provincias
512 2298 624 2378 procul
641 2299 683 2361 ab
698 2298 822 2378 legibus
837 2298 1148 2380 magistratibusque

91 2401 135 2464 ad
163 2399 339 2462 militarem
367 2398 588 2461 temeritatem
616 2399 793 2461 transferri.
838 2399 882 2461 Et
911 2418 985 2461 cum
1013 2398 1183 2479 quidams

91 2498 299 2564 referendum
320 2498 363 2561 ad
385 2505 538 2560 senatum
561 2504 738 2573 censerent,
762 2497 876 2560 melius
898 2499 1005 2561 visum
1027 2498 1148 2562 differri

91 2620 166 2663 eam
192 2598 476 2673 consultationem,
501 2596 604 2660 donec
628 2597 908 2677 proficiscerentur
931 2599 1066 2678 equites,
1092 2599 1148 2679 qui

91 2700 135 2762 ab
160 2699 282 2761 Marcio
305 2697 432 2761 litteras
456 2697 648 2760 attulerant.
694 2698 840 2761 Rescribi
863 2697 903 2760 de
926 2699 1091 2761 frumento
1114 2705 1148 2763 et
1167 2713 1183 2758 4

92 2798 299 2862 vestimentis
323 2798 486 2861 exercitus
510 2796 636 2877 placuit
661 2817 734 2861 eam
759 2804 934 2877 utramque
959 2818 1027 2860 rem
1053 2817 1148 2861 curae

91 2899 161 2961 fore
193 2898 337 2974 senatui,
376 2897 516 2960 adscribi
548 2904 661 2960 autem
693 2898 911 2977 ‘propraetori
943 2897 978 2959 L.
1011 2898 1147 2961 Marcio'

92 3018 159 3060 non
177 2997 313 3078 placuit,
333 3016 373 3059 ne
392 2996 425 3058 id
444 2997 562 3076 ipsum,
582 2996 671 3076 quod
691 2995 922 3059 consultationi
940 2996 1147 3076 reliquerant,

91 3119 152 3178 pro
178 3096 402 3177 praeiudicato
427 3096 535 3159 ferret.
581 3097 739 3158 Dimissis
754 3096 919 3176 equitibus
937 3095 977 3159 de
1002 3096 1090 3159 nulla
1116 3117 1149 3161 re
1169 3111 1183 3157 t

93 3199 184 3278 prius
198 3196 344 3259 consules
357 3196 566 3272 rettulerunt,
581 3197 793 3275 omniumque
806 3196 839 3256 in
853 3215 955 3258 unum
968 3197 1149 3261 sententiae

94 3297 328 3378 congruebant,
355 3295 520 3375 agendum
547 3315 620 3358 cum
647 3296 786 3358 tribunis
811 3295 914 3375 plebis
939 3315 1017 3372 esse,
1043 3297 1148 3376 primo

94 3416 225 3477 quoque
249 3401 396 3475 tempore
419 3395 463 3458 ad
485 3395 615 3475 plebem
638 3396 770 3470 ferrent,
795 3414 892 3474 quem
917 3414 991 3456 cum
1014 3395 1149 3475 imperio

94 3497 183 3560 mitti
208 3496 351 3575 placeret
373 3495 407 3556 in
426 3495 622 3575 Hispaniam
647 3493 690 3556 ad
712 3512 787 3556 eum
809 3494 999 3569 exercitum,
1020 3495 1071 3556 cui
1089 3494 1147 3557 Cn.
