2496 3908
143 119 183 181 26
620 129 710 179 ιινι
1008 131 1193 197 [Βοοιιιιιι.

141 304 183 366 ab
207 305 384 368 iactatione
408 305 528 368 maritu
565 325 584 368 a
608 305 776 381 militibus,
801 307 995 370 trecentos
988 327 1021 369 m
1023 309 1120 371 terim
1144 308 1197 372 de-

141 405 204 467 lect
191 409 242 467 tos
280 405 409 484 equites
445 373 588 468 ddcls'
621 406 874 468 Massiliensibus
912 413 946 469 et
984 407 1198 472 axiliaribus

141 504 241 568 Gallis
264 504 306 566 ad
329 505 529 584 exploranda
553 506 662 568 omnia
685 505 902 585 visendosque
924 511 1002 569 ext
988 426 1198 572 officia

105 621 120 667 o
141 604 333 684 praemittit.
368 590 545 667 ῊἿιιιίιιιι
558 588 699 677 {ceteris
704 587 813 713 {netu
844 612 903 668 aut
933 612 1006 685 pret
992 582 1051 691 tio)
1068 570 1232 686 pacatis]

140 705 206 771 iam
213 725 258 793 ιι)
276 705 452 768 Volcarum
471 712 664 783 pervenerat
684 725 808 784 agrum,
829 705 935 785 gentis
954 692 1093 769 validae.
1138 707 1199 770 Co

140 805 212 868 lunt
236 811 295 869 aut
296 826 348 868 em
374 806 458 868 circa
483 812 659 899 utramque
684 806 789 884 ripam
814 805 983 882 Rhodani;
1020 806 1077 869 sed
1103 806 1200 870 diffisi

141 904 286 978 citeriore
305 926 383 985 agro
402 906 503 968 arceri
524 892 670 967 Poenum
689 925 793 985 posse,
814 912 852 968 ut
871 906 993 968 flumen
1012 925 1072 984 pro
1091 907 1199 969 muni-

140 1010 251 1068 mento
216 1005 446 1081 t,haberent
475 1005 627 1067 omnibus
653 1005 754 1068 ferme
782 1005 848 1067 suis
876 1012 992 1107 trans
994 1005 1200 1071 Rhodanum

104 1121 118 1165 ι
140 1105 284 1169 traiectis
305 1105 538 1168 ulteriorem
515 1126 620 1184 rrpam
642 1106 747 1167 amnis
769 1105 908 1168 armiso
889 1076 1096 1173 obtinebant.
1141 1107 1201 1170 Co·

140 1212 226 1268 teros
247 1206 373 1268 accolas
394 1206 536 1268 fluminis
558 1206 779 1269 Hannibale
800 1226 913 1269 eorum
935 1206 1091 1285 ipsorum,
1115 1225 1200 1287 quos

140 1306 230 1369 sedes
250 1325 327 1368 suae
348 1312 522 1369 tenuerant
543 1307 638 1368 simul
659 1284 785 1385 perlicit
805 1307 899 1369 donis
919 1306 961 1369 ad
981 1327 1084 1370 naves
1103 1307 1200 1371 undi-

139 1424 202 1484 que
234 1405 472 1469 contrahendas
502 1406 786 1486 fabricandasque,
818 1406 914 1468 simul
945 1412 978 1470 et
1010 1406 1072 1486 ipsi
1103 1406 1200 1472 traici

139 1505 318 1569 exereitum
336 1502 503 1586 levarique
523 1525 623 1586 quam
643 1507 785 1585 primum
804 1507 968 1586 regionem
987 1526 1081 1569 suam
1101 1513 1200 1572 tanta

103 1604 309 1666 shominum
336 1612 471 1684 urgente
498 1605 596 1668 turba
624 1605 811 1697 cupiebant.
857 1606 976 1686 Itaque
1004 1607 1118 1686 ingens
1146 1627 1199 1670 co-

139 1711 214 1766 acta
242 1705 291 1766 vis
320 1705 455 1767 navium
483 1712 532 1768 est
560 1704 774 1785 lintriumque
803 1712 925 1769 temere
952 1706 995 1768 ad
1023 1707 1199 1770 vicinalem

138 1823 234 1866 usum
264 1811 455 1882 paratarum
462 1825 470 1882 ;
513 1825 681 1884 novasque
711 1806 791 1867 alias
821 1807 964 1884 primum
994 1805 1079 1869 Galli
1109 1807 1204 1870 inco-¹

103 1903 255 1966 obantes
285 1904 450 1966 cavabant
479 1925 520 1967 ex
549 1905 684 1984 singulis
713 1905 893 1980 arboribus,
925 1906 1042 1969 deinde
1071 1914 1105 1970 et
1136 1907 1198 1986 ipsi

138 2003 268 2083 milites
283 2004 378 2065 simul
406 2004 498 2083 copia
525 2005 680 2067 materiae
707 2005 802 2066 simul
829 2005 990 2068 facilitate
1017 2006 1123 2085 operis
1149 2007 1198 2069 in-

42 2130 49 2139 ·
139 2102 229 2165 ducti
254 2090 364 2166 alveos
388 2089 551 2179 inidiiiies,
577 2104 667 2179 nihil,
693 2104 872 2167 dummodo
896 2105 1008 2168 innare
1032 2125 1139 2186 aquae
1163 2093 1198 2171 et

140 2222 253 2282 capere
279 2222 376 2264 onera
402 2210 544 2281 possent,
573 2210 733 2279 curantes
761 2204 892 2282 raptim,
919 2205 1039 2285 quibus
1063 2225 1098 2269 se
1123 2226 1198 2269 sua-

88 2316 203 2381 27que
239 2301 496 2378 transveherent,
533 2302 708 2379 faciebant
755 2304 891 2384 lamque
927 2305 1080 2368 omnibus
1115 2306 1198 2369 satis

140 2407 308 2500 comparat
311 2402 337 2463 is
295 2402 402 2465 tad
427 2402 706 2515 trarcreqdum
667 2386 834 2507 terrebant
857 2423 908 2465 ex
922 2404 1060 2491 adverso
1084 2403 1198 2468 hostes

102 2516 117 2560 2
138 2521 269 2564 omnem
287 2474 391 2580 ripam
409 2502 535 2581 equites
554 2496 679 2581 vrrrqu'e
681 2465 893 2566 obtinentes
931 2480 1028 2580 Quos
1045 2510 1084 2566 ut
1102 2525 1197 2568 aver-

138 2606 231 2676 teret,
259 2602 456 2663 Hannonem
481 2601 671 2663 Bomilcaris
696 2602 799 2664 filium
823 2603 934 2682 vigilia
959 2603 1064 2682 prima
1089 2605 1198 2667 noctis

102 2718 116 2762 3
139 2719 212 2762 cum
233 2707 327 2779 parte
349 2701 525 2778 copiarum,
548 2702 691 2763 maxime
713 2702 878 2780 Hispanis,
901 2702 1039 2765 adverso
1060 2702 1197 2767 flumine

138 2799 182 2861 ire
202 2800 263 2862 iter
281 2800 377 2861 unius
397 2800 459 2862 diei
479 2800 570 2863 iubet
588 2808 632 2876 et,
653 2800 710 2862 ubi
728 2802 870 2879 primum
889 2802 1002 2880 possit,
1023 2821 1124 2881 quam
1144 2823 1196 2866 oc·

140 2898 315 2961 cultissimo
342 2900 479 2962 traiecto
506 2901 595 2961 amni
623 2901 861 2963 circumducere
888 2921 1014 2979 agmen,
1042 2908 1091 2977 ut,
1121 2922 1196 2965 cum

101 3013 220 3077 copus
245 2999 335 3061 facto
361 2999 414 3074 sit,
442 3000 610 3062 adoriatur
636 3000 677 3062 ab
704 3007 795 3078 tergo
818 2998 958 3063 hostes?
987 3000 1038 3063 Ad
1064 3000 1098 3063 id
1125 3001 1196 3065 dati

138 3097 236 3160 duces
259 3098 343 3160 Galli
366 3099 514 3174 edocent,
531 3100 606 3161 inde
629 3099 717 3160 milia
742 3100 884 3180 quinque
899 3107 932 3162 et
953 3100 1070 3179 viginti
1093 3102 1196 3163 ferme

138 3217 236 3277 supra
263 3218 385 3277 parvae
413 3199 537 3261 insulae
566 3199 796 3260 circumfusum
825 3219 955 3262 amnem
983 3186 1108 3276 latiore,
1137 3200 1196 3263 ubi

138 3297 357 3373 dividebatur,
375 3317 478 3377 eoque
496 3299 603 3360 minus
620 3298 688 3361 alto
706 3298 799 3360 alveo
817 3299 993 3361 transitum
1011 3298 1193 3379 ostendere.

40 3409 43 3415 ·
100 3408 115 3453 ι
138 3397 190 3459 Ibi
212 3398 333 3477 raptim
356 3417 448 3459 caesa
471 3398 608 3460 materia
631 3405 782 3478 ratesque
803 3398 994 3473 fabricatae,
1018 3398 1194 3479 inquibus
