2496 3908
505 820 643 882 LIBER
673 818 776 880 XXX

588 988 691 1048 29-38

63 1157 105 1207 29
158 1154 231 1215 lam
267 1152 511 1215 Hadrumetum
552 1158 746 1230 pervenerat
782 1151 960 1228 Hannibal,
996 1153 1095 1229 unde,
1131 1153 1173 1215 ad

115 1253 325 1315 reficiendum
341 1273 382 1314 ex
398 1251 575 1314 iactatione
593 1251 758 1313 maritima
775 1252 912 1315 militem
929 1252 1041 1331 paucis
1058 1253 1173 1316 diebus

113 1349 263 1427 sumptis
282 1348 408 1410 excitus
426 1347 554 1426 pavidis
571 1346 695 1409 nuntiis
712 1347 822 1409 omnia
840 1348 923 1409 circa
939 1347 1173 1426 Carthaginem

113 1447 253 1510 obtineri
285 1447 383 1508 armis
415 1446 644 1522 adferentium,
677 1448 803 1525 magnis
834 1447 1005 1510 itineribus
1037 1449 1173 1510 Zamam

77 1548 293 1610 acontendit.
339 1549 439 1609 Zama
472 1548 617 1626 quinque
649 1547 776 1610 dierum
807 1549 870 1609 iter
901 1547 942 1609 ab
974 1547 1173 1627 Carthagine

113 1648 215 1710 abest.
263 1647 344 1710 Inde
383 1647 550 1726 praemissi
588 1646 808 1726 speculatores
848 1667 922 1709 cum
960 1648 1090 1726 excepti
1129 1647 1172 1710 ab

114 1747 304 1809 custodibus
319 1747 478 1809 Romanis
493 1747 625 1809 deducti
640 1747 682 1809 ad
697 1747 882 1825 Scipionem
896 1754 1014 1823 essent,
1031 1747 1173 1810 traditos

112 1868 166 1909 eos
189 1847 322 1909 tribuno
346 1847 488 1908 militum
510 1847 679 1925 iussosque
696 1847 815 1909 omisso
833 1854 924 1909 metu
941 1847 1044 1910 visere
1061 1848 1172 1909 omnia

76 1958 92 2002 3
114 1968 170 2026 per
186 1954 302 2022 castra,
325 1967 390 2025 qua
410 1946 541 2022 vellent,
564 1946 760 2009 circumduci
781 1947 891 2021 iussit;
923 1941 1172 2025 percunctatus-

113 2067 186 2126 que,
205 2047 301 2108 satin'
320 2067 377 2125 per
394 2047 603 2108 commodum
620 2047 729 2108 omnia
746 2046 980 2124 explorassent,
999 2046 1096 2122 datis,
1115 2047 1171 2126 qui

76 2159 91 2203 4
113 2154 395 2225 prosequerentur,
416 2153 502 2207 retro
522 2146 564 2206 ad
584 2145 805 2208 Hannibalem
824 2146 957 2208 dimisit.
1003 2146 1171 2208 Hannibal

111 2245 190 2307 nihil
204 2246 337 2324 quidem
348 2266 471 2320 eorum,
485 2265 569 2324 quae
581 2245 823 2307 nuntiabantur
835 2281 875 2288 —
889 2265 967 2307 nam
977 2252 1011 2307 et
1023 2246 1172 2307 Masinis-

111 2366 182 2407 sam
201 2365 275 2407 cum
294 2365 351 2406 sex
369 2345 500 2406 milibus
519 2345 678 2423 peditum,
699 2352 858 2424 quattuor
875 2345 1026 2423 equitum
1044 2345 1172 2407 venisse

111 2466 149 2507 eo
180 2446 250 2523 ipso
282 2445 366 2506 forte
398 2445 450 2506 die
481 2444 674 2507 adferebant
687 2480 738 2519 —,
771 2445 857 2506 laeto
889 2445 998 2506 animo
1030 2445 1170 2519 audivit,

112 2545 254 2606 maxime
275 2543 377 2606 hostis
398 2544 518 2605 fiducia
539 2544 752 2622 audaciaque,
769 2565 835 2606 non
851 2544 891 2606 de
906 2543 1007 2605 nihilo
1023 2544 1171 2623 profecto

76 2657 91 2702 5
113 2652 281 2722 concepta,
299 2643 464 2722 perculsus
480 2650 539 2706 est.
586 2645 704 2722 Itaque
721 2664 924 2723 quamquam
939 2651 972 2706 et
988 2644 1056 2722 ipse
1073 2664 1172 2706 causa

112 2744 186 2807 belli
210 2751 281 2806 erat
304 2751 337 2805 et
361 2744 508 2806 adventu
532 2764 590 2805 suo
614 2744 808 2806 turbaverat
831 2752 864 2806 et
888 2750 1002 2823 pactas
1025 2743 1172 2807 indutias

112 2851 146 2907 et
176 2864 267 2922 spem
298 2843 478 2918 foederum,
510 2850 632 2918 tamen,
664 2845 689 2904 si
720 2844 845 2921 integer
876 2863 976 2922 quam
1005 2843 1032 2904 si
1063 2843 1172 2906 victus

114 2950 239 3023 peteret
274 2963 398 3022 pacem,
434 2944 588 3022 aequiora
621 2944 790 3022 impetrari
825 2963 917 3022 posse
952 2950 1055 3030 ratuS,
1088 2963 1172 3005 nun·

114 3044 198 3106 tium
230 3042 273 3104 ad
306 3043 491 3122 Scipionem
519 3043 617 3118 misit,
646 3050 683 3105 ut
712 3043 915 3121 colloquendi
942 3062 1052 3105 secum
1080 3050 1173 3121 pote·

78 3159 93 3203 o
114 3150 235 3205 statem
256 3143 388 3205 faceret.
434 3143 473 3204 Id
494 3150 607 3205 utrum
627 3163 686 3204 sua
706 3150 823 3221 sponte
843 3143 956 3205 fecerit
977 3163 1019 3204 an
1040 3142 1173 3221 publico

80 3256 93 3302 r
116 3243 257 3318 consilio,
281 3250 435 3305 neutrum
457 3263 514 3305 our
534 3243 704 3305 adfirmem
725 3242 840 3304 habeo
887 3243 1033 3305 Valerius
1055 3243 1174 3305 Antias

116 3344 220 3422 primo
248 3343 368 3422 proelio
395 3344 522 3405 victum
547 3363 623 3405 eum
650 3343 691 3403 ab
718 3342 878 3421 Scipione,
907 3363 971 3421 quo
999 3343 1175 3405 duodecim

117 3443 204 3504 milia
227 3450 428 3504 armatorum
450 3444 483 3503 in
505 3444 572 3505 acie
594 3443 660 3504 sint
683 3463 785 3510 caesa,
810 3442 895 3504 mille
917 3450 950 3504 et
972 3443 1173 3520 septingenti

635 3541 679 3587 1:10
