2496 3908
92 271 194 322 enies.
210 271 249 334 10,
266 272 304 334 10,
316 271 372 338 co]
584 272 674 322 mvr
1110 259 1152 326 19

90 467 196 510 novos
216 446 329 511 liceret
349 447 464 523 socios,
488 447 561 528 quis
583 467 727 527 aequum
749 455 894 511 censeret
916 456 975 512 aut
997 448 1039 512 ob
1060 449 1151 512 nulla

89 566 295 627 quemquam
321 547 438 610 merita
464 547 499 608 in
525 547 706 609 amicitiam
733 547 831 626 recipi
858 553 917 610 aut
944 546 1091 628 receptes
1117 549 1151 612 in

88 647 190 710 fidem
212 666 278 709 non
301 646 455 710 defendi?
493 647 638 709 Tantum
660 666 701 710 ne
723 646 1042 726 Carthaginiensium
1072 648 1149 711 socii

89 753 150 809 aut
169 745 425 809 sollicitarentur
443 745 485 808 ad
505 746 722 809 defectionem
741 752 800 809 aut
819 767 878 809 sua
897 754 1014 828 sponte
1033 748 1150 812 descis-

90 852 201 910 centes
217 845 449 925 reciperentur,

130 946 249 1024 Legati
272 945 414 1007 Romani
437 945 479 1007 ab
502 945 709 1024 Carthagine,
732 947 817 1010 sicut
840 947 878 1009 iis
900 947 1027 1010 Romae
1049 948 1185 1028 impe-c

89 1052 202 1108 ratum
231 1052 313 1120 erat,
343 1045 377 1106 in
407 1044 612 1124 Hispaniam,
643 1052 682 1108 ut
710 1046 840 1109 adirent
875 1047 1026 1110 civitates
1054 1053 1088 1110 et
1116 1047 1150 1108 in

89 1145 284 1208 societatem
315 1144 507 1224 perlicerent
537 1152 596 1208 aut
627 1152 814 1209 averterent
845 1167 864 1208 a
895 1147 1022 1232 Poenis,
1055 1146 1150 1209 traie-

90 1251 217 1308 cerunt.
262 1244 314 1306 Ad
340 1245 515 1322 Bargusios
540 1245 683 1324 primum
709 1253 880 1321 venerunt,
907 1266 926 1307 a
952 1245 1071 1325 quibus
1095 1245 1185 1308 ber

89 1345 188 1422 nigne
205 1344 345 1423 excepti,
363 1345 441 1423 quia
459 1344 615 1407 taedebat
632 1345 759 1424 imperii
777 1345 901 1419 Punici,
921 1345 1042 1408 multos
1059 1351 1150 1407 trans

90 1444 254 1506 Hiberum
282 1443 419 1523 populos
446 1444 489 1506 ad
518 1444 704 1524 cupidinem
731 1464 836 1507 novae
863 1445 1016 1507 fortunae
1042 1465 1151 1508 erexe-

90 1549 179 1607 runt.
225 1543 278 1605 Ad
304 1531 477 1606 Volcianos
503 1544 580 1608 inde
606 1551 656 1607 est
683 1550 831 1619 ventum,
860 1560 1000 1624 quorum
1028 1527 1186 1608 celebres

91 1663 149 1722 per
175 1643 371 1722 Hispaniam
396 1663 589 1722 responsum
615 1650 738 1707 ceteros
764 1643 901 1723 populos
926 1643 969 1705 ab
994 1645 1151 1707 societate

92 1743 245 1806 Romana
263 1743 396 1806 avertit.
442 1745 502 1823 Ita¹
514 1743 602 1807 enim
622 1744 786 1805 maximus
804 1750 887 1805 natu
906 1743 1004 1807 exiis
1022 1744 1056 1804 in
1077 1762 1151 1806 con-

51 1904 57 1918 ,
92 1842 165 1905 cilio
191 1843 377 1922 respondit:
413 1843 522 1920 ‘Quae
548 1843 745 1906 verecundia
770 1851 831 1918 est,
859 1842 1011 1918 Romani,
1039 1849 1187 1922 postu-9

91 1942 157 2006 lare
180 1962 239 2005 vos
261 1943 309 2007 uti
340 1949 485 2006 vestram
513 1943 831 2021 Carthaginiensium
863 1943 1027 2006 amicitiae
1061 1963 1152 2022 prae-

92 2033 264 2122 ponamus,
296 2062 380 2117 cum,
411 2043 467 2121 qui
497 2042 531 2104 id
559 2043 707 2105 iecerunt
739 2042 948 2120 [Saguntini],
980 2042 1151 2118 crudelius,

91 2162 194 2221 quam
228 2143 357 2204 Poenus
389 2141 494 2204 hostis
528 2142 681 2220 perdidit,
717 2161 776 2203 vos
809 2142 886 2204 socii
921 2142 1152 2220 prodideritis?

91 2240 142 2303 Ibi
165 2241 333 2320 quaeratis
354 2241 458 2304 socios
481 2261 604 2316 censeo,
628 2241 684 2303 ubi
706 2241 889 2318 Saguntina
911 2240 1018 2303 clades
1039 2241 1152 2319 ignota
1167 2256 1202 2316 [10

90 2347 157 2417 est,
200 2340 356 2420 Hispanis
386 2341 515 2420 populis
544 2341 629 2402 sicut
658 2340 795 2419 lugubre
823 2341 871 2402 ita
899 2341 1025 2419 insigne
1054 2341 1153 2403 docu-

91 2446 243 2503 mentum
269 2441 408 2519 Sagunti
436 2441 549 2503 ruinae
575 2446 683 2515 erunt,
710 2460 752 2503 ne
779 2440 852 2519 quis
879 2439 954 2502 fidei
982 2440 1153 2502 Romanae

91 2545 151 2602 aut
187 2539 337 2602 societati
375 2540 542 2602 confidat)
587 2539 669 2602 Inde
704 2539 871 2619 externplo
908 2538 997 2602 abire
1033 2539 1153 2600 finibus
1175 2556 1201 2601 11

91 2639 324 2702 Volcianorum
354 2640 432 2726 iussi
463 2639 506 2701 ab
537 2639 626 2702 nullo
658 2639 775 2701 deinde
807 2639 941 2701 concilio
973 2639 1153 2718 Hispaniae

90 2737 282 2817 benigniora
303 2739 405 2802 verba
426 2738 539 2802 tulere.
585 2738 638 2801 Ita
660 2739 862 2818 nequiquam
883 2744 1055 2817 peragrata
1078 2738 1152 2799 His·

90 2838 190 2918 pania
219 2838 253 2899 in
282 2838 424 2901 Galliam
452 2845 635 2902 transeunt.
681 2839 720 2899 In
750 2838 788 2900 iis
817 2858 904 2901 nova
933 2837 1202 2919 terribilisque20

90 2937 214 3017 species
240 2937 311 3000 visa
335 2943 396 3013 cst,
424 2938 514 3017 quod
539 2937 773 3000 armati—ita
799 2957 869 3000 mos
894 2937 1001 3015 gentis
1026 2943 1150 3000 erat-

90 3037 124 3099 in
148 3035 322 3100 concilium
345 3044 517 3105 venerunt.
561 3038 644 3100 Cum
668 3037 775 3100 verbis
798 3037 992 3100 extollentes
1015 3035 1152 3114 gloriam
1172 3057 1188 3101 a

91 3137 317 3216 virtutemque
347 3137 460 3217 populi
491 3138 633 3200 Romani
665 3157 702 3199 ac
734 3136 995 3214 magnitudinem
1025 3135 1152 3215 imperii

91 3236 251 3316 petissent
278 3256 320 3299 ne
347 3237 457 3299 Poeno
484 3236 607 3298 bellum
636 3236 752 3299 Italiae
786 3236 939 3299 inferenti
973 3254 1031 3313 per
1057 3254 1152 3312 agros

91 3336 254 3417 urbesque
285 3355 361 3398 suas
393 3336 571 3398 transitum
603 3335 730 3410 darent,
764 3341 879 3398 tantus
912 3354 987 3396 cum
1018 3334 1187 3397 fremitus

91 3435 174 3499 risus
196 3435 317 3498 dicitur
336 3441 438 3510 ortus,
460 3440 499 3498 ut
520 3434 578 3496 vix
598 3455 617 3496 a
640 3434 887 3512 magistratibus
909 3432 1152 3513 maioribusque

91 3541 173 3601 natu
207 3534 360 3598 iuventus
398 3534 582 3611 sedaretur;
634 3534 716 3596 adeo
755 3533 876 3595 stolida
914 3531 1198 3690 impudens*
