2496 3908
115 258 178 322 136
596 270 685 320 mvi
972 269 1168 334 [sooxxxrr.

78 461 93 508 s
115 446 312 510 cumulaturi
337 465 376 508 eo
401 445 453 508 die
478 451 537 508 aut
563 445 715 509 eversuri.
761 445 889 524 Anceps
915 444 1015 523 igitur
1038 464 1113 524 spes
1138 451 1170 508 et

114 553 221 610 metus
258 546 440 608 miscebant
478 546 619 622 animos3
670 545 1035 625 contemplantibusque
1072 545 1171 608 modo

114 667 207 709 suam
227 647 325 709 modo
346 645 490 708 hostium
511 645 623 721 aciem,
646 664 720 708 cum
740 665 806 706 non
826 644 927 707 oculis
947 644 1050 724 magis
1070 664 1171 724 quam

114 748 239 810 ratione
270 752 444 826 pensarent
476 745 571 822 vires,
603 745 698 807 simul
730 745 817 807 laeta
848 744 943 807 simul
975 744 1084 808 tristia
1115 745 1171 808 ob

91 847 338 911 versabantur.
384 847 476 924 Quae
502 846 579 926 ipsis
605 866 664 908 sua
690 851 808 924 sponte
833 865 899 907 non
925 846 1169 924 succurrebant,

78 961 151 1010 oea
173 947 271 1010 duces
292 947 499 1009 admonendo
522 953 623 1026 atque
645 945 808 1008 hortando
830 946 1045 1009 subiciebant.
1091 948 1170 1012 Poe-

114 1067 174 1109 nus
191 1047 331 1109 sedecim
349 1067 509 1108 annorum
528 1046 560 1107 in
578 1053 664 1108 terra
682 1045 780 1108 ltalia
798 1064 848 1108 res
865 1051 983 1124 gestas,
1002 1052 1054 1109 tot
1073 1046 1171 1111 duces

114 1146 290 1221 Romanos
317 1153 368 1209 tot
391 1147 552 1209 exercitus
577 1145 743 1208 occidione
767 1145 889 1208 occisos
912 1152 946 1209 et
970 1166 1029 1208 sua
1054 1148 1171 1228 cuique

114 1247 240 1322 decora,
257 1247 313 1309 ubi
329 1247 372 1309 ad
388 1247 546 1326 insignem
563 1246 698 1309 alicuius
714 1265 844 1325 pugnae
860 1247 1017 1309 memoria
1032 1248 1171 1312 militem

78 1362 92 1408 r
114 1353 258 1423 venerat,
277 1346 453 1424 referebat;
481 1347 589 1426 Scipio
607 1347 784 1425 Hispanias
800 1353 834 1409 et
850 1347 993 1409 recentia
1010 1347 1044 1409 in
1060 1349 1171 1412 Africa

113 1447 233 1525 proelia
254 1454 287 1510 et
308 1447 542 1509 confessionem
562 1446 717 1522 hostium,
739 1447 828 1526 quod
848 1467 954 1527 neque
974 1467 1040 1509 non
1060 1456 1171 1528 petere

113 1566 227 1624 paoem
252 1552 386 1625 propter
410 1552 536 1609 metum
561 1566 666 1626 neque
691 1566 822 1609 manere
848 1547 881 1607 in
905 1567 944 1609 ea
968 1567 1047 1626 prae
1072 1549 1171 1612 insita

78 1646 230 1708 aanimis
266 1646 401 1724 perfidia
432 1646 625 1725 potuissent.
671 1646 723 1708 Ad
753 1646 814 1708 hoo
851 1647 1048 1727 colloquium
1081 1649 1171 1711 Han-

113 1746 239 1821 nibalis,
258 1746 292 1806 in
310 1752 434 1807 secreto
452 1745 603 1808 habitum
622 1765 660 1807 ac
679 1745 818 1809 liberum
836 1747 981 1826 fingenti,
1001 1766 1068 1827 qua
1086 1748 1170 1825 vult,

77 1859 92 1902 a
113 1845 230 1920 flectit,
257 1846 433 1921 ominatur,
449 1845 569 1925 quibus
584 1845 752 1925 quondam
766 1847 919 1926 auspiciis
932 1854 1043 1925 patres
1057 1867 1171 1911 eorum

112 1945 154 2007 ad
182 1945 322 2023 Aegates
349 1945 568 2024 pugnaverint
596 1945 728 2021 insulas,
757 1966 795 2008 ea
823 1945 885 2008 illis
912 1947 1110 2010 exeuntibus
1137 1949 1171 2010 in

63 2057 91 2102 10
112 2046 216 2106 aciem
243 2045 445 2123 portendisse
471 2046 558 2107 deos
603 2045 724 2108 Adesse
750 2047 848 2108 finem
874 2046 949 2109 belli
975 2067 1013 2109 ac
1038 2047 1168 2110 laboris.

112 2146 152 2206 ln
168 2145 319 2206 manibus
336 2164 403 2206 esse
420 2144 576 2223 praedam
592 2144 808 2223 Carthaginis,
826 2145 968 2209 reditum
984 2146 1121 2209 domum
1137 2148 1170 2209 in
1217 2214 1221 2223 ,

112 2245 254 2322 patriam
278 2244 320 2306 ad
343 2251 505 2323 parentes,
530 2244 657 2320 liberos
683 2245 833 2323 coniuges
857 2252 1058 2324 penatesque
1081 2247 1168 2310 deos

63 2365 87 2407 11
113 2344 222 2406 Celsus
239 2344 317 2405 haec
335 2364 467 2423 corpore
482 2344 644 2423 vultuque
660 2344 706 2406 ita
722 2344 820 2420 lactc,
837 2352 875 2408 ut
891 2345 1006 2409 vicisse
1021 2346 1087 2408 iam
1105 2367 1170 2410 cre·

114 2445 214 2519 deres,
243 2444 383 2506 dicebat.
444 2444 584 2506 Instruit
611 2443 727 2506 deinde
751 2445 874 2524 primos
901 2445 1061 2522 hastatos,
1091 2453 1167 2527 post

61 2562 103 2609 33
114 2564 168 2605 eos
202 2544 373 2622 principes
397 2544 517 2606 triariis
550 2550 751 2622 postremam
784 2545 888 2607 aciem
923 2545 1048 2608 clausit.
1094 2547 1170 2609 Non

114 2643 275 2715 confertas
303 2650 415 2705 autem
443 2644 591 2705 cohortes
618 2651 696 2706 ante
723 2664 782 2705 sua
810 2664 975 2724 quamque
1002 2645 1094 2724 signa
1122 2647 1169 2708 in-

111 2743 270 2818 struebat,
298 2743 354 2805 sed
381 2743 565 2822 manipulos
591 2743 798 2822 aliquantum
825 2745 910 2806 inter
935 2764 969 2806 se
995 2745 1167 2820 distantes,

112 2849 148 2904 ut
164 2849 248 2904 esset
264 2843 418 2921 spatium,
437 2863 501 2923 qua
518 2843 683 2921 elephanti
700 2843 844 2905 hostium
860 2843 926 2906 acti
942 2843 1022 2905 nihil
1039 2845 1168 2908 ordines

74 2962 88 3005 2
111 2943 292 3004 turbarent.
338 2943 494 3018 Laelium,
512 2943 602 3004 ouius
616 2949 693 3005 ante
707 2943 816 3021 legati,
832 2964 869 3005 eo
884 2964 970 3006 anno
985 2946 1168 3023 quaestoris

110 3049 203 3104 extra
228 3050 349 3104 sortem
374 3062 415 3104 ex
440 3050 573 3104 senatus
600 3043 747 3104 consulto
773 3063 871 3121 opera
897 3044 1064 3119 utebatur,
1092 3065 1166 3106 oum

111 3142 226 3204 Italico
247 3143 398 3221 equitatu
419 3143 460 3204 ab
481 3143 612 3204 sinistro
633 3162 743 3217 cornu,
765 3143 971 3204 Masinissam
992 3145 1166 3207 Numidas-

74 3262 88 3306 3
110 3262 173 3320 que
194 3242 236 3303 ab
258 3242 374 3304 dextro
396 3243 559 3321 opposuit.
605 3242 682 3304 Vias
703 3248 854 3320 patentes
876 3243 961 3304 inter
981 3244 1167 3323 manipulos

110 3342 397 3420 antesignanorum
420 3342 574 3404 velitibus
587 3362 678 3403 -ea
700 3347 780 3403 tunc
801 3330 882 3402 levis
905 3351 1073 3405 armatura
1095 3351 1166 3407 erat

110 3477 150 3484 —
164 3442 349 3520 complevit,
367 3442 446 3503 dato
471 3448 656 3520 praecepto,
672 3448 710 3503 ut
732 3441 775 3502 ad
798 3442 958 3520 impetum
977 3443 1166 3522 elephanto-

105 3558 179 3602 rum
200 3549 260 3603 aut
276 3548 353 3620 post
373 3542 512 3603 directos
532 3541 716 3620 refugerent
736 3541 864 3603 ordines
883 3548 942 3604 aut
962 3543 994 3604 in
1014 3544 1166 3606 dextram
