2496 3908
1 292 8 309 .
90 245 131 308 22
576 255 666 305 nrvr
963 255 1147 321 [nooxxxr.

54 452 170 507 amos,
201 433 400 495 Hasdrubali
428 432 533 508 fratri,
563 432 633 494 viro
662 432 811 512 impigro,
840 452 914 495 eam
942 432 1147 511 provinciam

90 532 233 595 destinat
263 532 438 613 firmatque
468 532 585 595 Africis
615 532 757 594 maxime
787 531 965 612 praesidiis,
996 532 1147 611 peditum

90 632 243 694 Afrorum
267 633 419 695 undecim
443 632 573 694 milibus
597 632 793 743 octinggptis
818 631 1069 711 quinquaginta,
1095 633 1147 694 Li·

54 733 222 812 sguribus
249 733 413 807 trecentiS,
443 731 635 794 Balearibus
662 731 859 812 quingentis.
905 731 956 793 Ad
983 730 1065 795 haec
1092 752 1146 812 pe-

89 833 196 896 ditum
232 833 353 895 auxilia
390 831 495 894 additi
531 831 658 912 equites
694 830 963 947 Qyphoenioes,
1001 831 1148 895 mixtum

89 933 248 995 Punicum
287 932 374 994 Afris
411 951 522 1011 genus,
563 930 793 1010 quadringenti
832 931 1073 1012 quinquaginta
1112 937 1147 994 et

90 1033 251 1096 Numidae
278 1033 448 1113 Maurique
475 1028 616 1094 accolae
632 1031 753 1094 Oceani
781 1030 823 1093 ad
851 1031 938 1094 mille
958 1012 1148 1110 lottrngenti

89 1138 122 1194 et
141 1153 243 1212 parva
263 1132 439 1213 Ilergetum
459 1151 576 1193 manus
595 1151 636 1194 ex
656 1131 825 1210 Hispania,
847 1130 985 1193 trecenti
1004 1130 1146 1210 equites,

89 1239 132 1307 et,
163 1252 203 1295 ne
232 1233 320 1312 quod
350 1232 510 1302 terrestris
540 1231 665 1294 deesset
695 1231 807 1292 auxilii
836 1250 947 1310 genua,
978 1229 1148 1309 elephanti

53 1346 68 1390 4
89 1332 205 1412 viginti
224 1352 318 1394 unus.
362 1332 479 1395 Classis
498 1337 668 1412 praeterea
688 1330 767 1393 data
787 1329 929 1393 tuendae
948 1329 1148 1393 maritumae

89 1452 173 1507 orae,
195 1433 282 1512 quia,
303 1452 368 1512 qua
388 1438 482 1511 parte
501 1431 576 1494 belli
593 1431 753 1506 vicerant,
774 1437 905 1527 ealtoum
925 1449 1056 1510 quoque
1077 1451 1148 1494 rem

89 1538 235 1610 gesturos
259 1533 426 1594 Romanos
449 1531 534 1594 credi
557 1537 698 1610 poterat,
723 1516 963 1610 quinqlraginta
986 1531 1148 1611 quinque-

90 1651 201 1707 remes,
228 1631 567 1717 quadriremesduae,
596 1631 743 1693 triremes
767 1631 927 1710 quinqne3
964 1629 1022 1692 sed
1047 1637 1148 1709 aptae

8 1768 37 1837 Α
90 1731 333 1811 instructaeque
345 1706 479 1810 ”remigio
494 1729 628 1810 triginta
642 1737 676 1793 et
690 1730 774 1793 duae
788 1729 1038 1810 quinqueremes
1051 1737 1148 1794 erant

1 1840 30 1903 t)
89 1837 123 1893 et
139 1831 284 1893 triremes
300 1831 454 1910 quinque.
667 1912 670 1917 Ι

54 1951 69 1996 s
131 1930 182 1992 Ab
207 1930 616 2013 Gadibusfflarthagineml
632 1928 674 1992 ad
698 1929 836 1993 hiberna
859 1930 1021 1994 exercitus
1046 1931 1148 2009 redit;

90 2036 192 2115 atqua¹
216 2030 291 2093 inde
316 2020 636 2109 profectuslpraeter
662 2030 808 2093 Onusam
834 2030 950 2093 urbem
975 2030 1018 2093 ad
1045 2031 1148 2095 Hibe-

55 2149 70 2194 6
90 2149 162 2191 rum
180 2149 237 2208 per
254 2130 465 2191 maritumam
483 2149 574 2191 oram
592 2130 693 2193 ducit.
739 2130 791 2192 Ibi
808 2130 897 2191 fama
915 2137 965 2193 est
983 2130 1016 2191 in
1035 2131 1149 2210 quiete

91 2230 203 2314 visum,
216 2230 257 2292 ab
276 2249 314 2292 eo
334 2230 485 2292 iuvenem
503 2230 615 2291 divina
634 2230 751 2308 specie,
772 2229 828 2308 qui
847 2249 881 2292 se
900 2229 943 2292 ab
963 2230 1042 2293 Iove
1062 2230 1149 2294 dioe-

90 2335 139 2392 ret
158 2329 274 2392 ducem
293 2329 326 2389 in
343 2329 477 2391 Italiam
497 2329 677 2391 Hannibali
696 2329 847 2391 missum:
878 2329 1014 2409 proinde
1033 2349 1148 2410 seque-

56 2448 70 2494 1
91 2435 180 2492 retur
205 2448 309 2508 neque
334 2420 474 2507 usquam
500 2449 519 2490 1
545 2448 578 2491 se
603 2427 789 2491 deflecteret
816 2428 935 2490 oculos.
980 2428 1147 2498 Pavidum

91 2529 196 2607 primo
224 2547 387 2607 nusquam
417 2528 730 2607 circumspicientem
759 2535 818 2591 aut
847 2529 1074 2609 respicientem
1102 2549 1150 2591 se-

93 2634 220 2704 cutum,
259 2628 375 2691 deinde
403 2647 478 2689 cura
506 2628 631 2715 ingenii¹
653 2627 798 2703 humani,
828 2648 902 2690 cum
929 2616 1088 2708 quidnam
1115 2627 1150 2690 id

91 2735 175 2791 esset
198 2728 286 2808 quod
310 2728 466 2807 respicere
490 2714 623 2790 vetitus
636 2734 731 2803 esset,
757 2728 897 2807 agitaret
920 2729 1040 2803 anim0,
1066 2735 1149 2790 tem·

56 2845 203 2908 sperare
227 2828 327 2890 oculis
350 2827 550 2908 nequivisse3
588 2833 660 2889 tum
684 2827 804 2890 vidisse
827 2834 903 2906 post
927 2847 995 2890 sese
1019 2847 1150 2906 serpen-
1187 2907 1189 2917 Ι

93 2933 159 2991 tem
183 2928 264 3005 mira
289 2927 515 3006 magnitudine
540 2946 614 2988 cum
639 2928 763 3006 ingenti
788 2927 942 2989 arborum
966 2948 1004 2989 ac
1029 2910 1189 3006 virgul-lr

92 3033 201 3091 torum
230 3034 337 3106 strage
365 3027 452 3102 ferri,
483 3046 520 3088 ac
549 3033 625 3105 post
654 3015 780 3105 insequi
810 3046 884 3088 cum
912 3026 1039 3105 fragore
1070 3027 1148 3092 caeli

56 3127 250 3189 enimbum.
294 3126 390 3201 Tum,
421 3145 506 3205 quae
535 3126 637 3187 moles
666 3145 704 3188 ea
734 3125 855 3204 quidve
885 3125 1024 3204 prodigii
1052 3131 1148 3202 esset,

93 3233 303 3307 quaerentem
335 3226 464 3288 audisse
497 3225 690 3287 vastitatem
724 3224 841 3287 Italiae
873 3245 957 3287 esse:
1002 3212 1189 3304 pergeret*

68 3318 188 3407 'porro
210 3327 255 3389 ire
276 3346 335 3389 nec
357 3326 444 3387 ultra
466 3325 644 3405 inquireret
666 3324 851 3402 sineretque
872 3324 943 3386 fata
965 3324 999 3385 in
1021 3324 1150 3387 occulto

94 3447 171 3491 esse.
528 3438 536 3449 '

1 3542 23 3649 ,q
43 3539 85 3588 23
136 3527 208 3589 Hoc
241 3526 314 3588 visu
346 3526 452 3589 laetus
481 3507 650 3603 *tripertito
686 3523 845 3585 Hiberum
879 3523 988 3603 copias
1022 3523 1151 3586 traiecit

21 3628 36 3665 ,ἒ
1133 3638 1136 3647 .

272 3824 293 3852 Δ
418 3832 428 3851 .·
523 3828 633 3852 Δια.
