2496 3908
88 243 374 309 calmiciaca]
582 243 671 293 crvx
1107 233 1149 298 87

89 419 214 500 proelio
242 418 347 482 lunda
374 420 519 498 graviter
545 420 631 482 ictus
658 421 777 496 fuerat,
806 427 919 484 tamen
947 428 981 484 et
1009 421 1186 485 occurrite

89 540 189 600 saepe
211 539 286 582 cum
309 519 462 581 confertis
486 519 664 581 Hannibali
686 526 720 583 et
742 521 869 599 aliquot
890 521 969 584 locis
990 522 1151 601 proelium

90 619 248 694 restituit,
272 618 520 698 protegentibus
542 639 618 681 eum
640 619 807 699 equitibus
830 620 999 696 Romanis,
1024 621 1151 683 omissis

90 726 259 800 postremo
282 719 385 798 equis,
411 719 488 798 quia
513 719 678 781 consulem
701 726 736 782 et
760 719 803 781 ad
827 720 1005 799 regendum
1028 741 1151 800 equum

90 820 177 882 vires
202 817 408 881 deficiebant.
453 818 539 880 Tum
562 818 730 880 nuntianti
756 819 896 895 cuidam,
922 820 1051 883 iussisse
1076 837 1186 884 eon-3

90 918 197 980 sulem
219 918 263 979 ad
286 918 384 995 pedes
407 916 601 980 descendere
623 919 761 997 equites,
786 919 905 981 dixisse
930 918 1151 982 Hannibalem

90 1019 203 1081 lerunt
224 1017 350 1093 ‘Quam
372 1017 503 1079 mallem
525 1017 653 1078 vinctos
676 1016 754 1078 mihi
777 1016 944 1080 traderet!
991 1019 1151 1098 Equitum

91 1118 243 1197 pedestre
268 1115 437 1195 proelium,
464 1115 560 1195 quale
585 1116 651 1177 iam
675 1115 765 1179 haud
790 1116 890 1178 dubia
915 1117 1061 1180 hostium
1085 1118 1187 1182 vic-4

92 1217 188 1290 toria,
202 1215 277 1291 fuit,
292 1235 367 1277 cum
380 1215 459 1277 vieti
473 1215 554 1276 mori
568 1215 601 1275 in
615 1215 753 1294 vestigio
767 1215 901 1278 mallent
915 1236 1016 1296 quam
1028 1216 1150 1295 fugere,

92 1317 234 1379 victores
271 1314 476 1376 morantibus
512 1314 692 1376 victoriam·
720 1315 795 1376 irati
831 1316 1034 1378 trucidarent
1069 1335 1152 1395 quos

91 1415 211 1495 pellere
243 1434 310 1476 non
343 1420 508 1493 poterant.
553 1414 753 1492 Pepulerunt
787 1421 898 1477 tamen
931 1415 998 1477 iam
1031 1434 1186 1495 paucosn

91 1515 279 1595 superantis
297 1520 331 1576 et
350 1513 461 1576 labore
480 1533 518 1575 ac
537 1512 727 1576 vulneribus
745 1513 856 1576 fessos.
903 1514 984 1578 Inde
1002 1515 1151 1594 dissipati

92 1634 207 1678 omnes
223 1620 312 1688 sunt,
329 1632 497 1693 equosque
513 1612 556 1674 ad
572 1613 686 1690 fugam
703 1613 759 1692 qui
776 1620 930 1692 poterant
947 1613 1150 1693 repetebant.

91 1715 150 1777 Cn,
175 1713 335 1776 Lentulus
357 1712 510 1774 tribunus
533 1711 675 1774 militum
698 1731 772 1774 cum
794 1712 1046 1791 praetervehens
1066 1732 1152 1792 equo
1171 1734 1187 1781 6

91 1814 263 1877 sedentem
289 1812 323 1873 in
350 1831 430 1873 saxo
459 1831 570 1874 cruore
603 1811 775 1889 oppletum
808 1811 972 1875 consulem
1005 1812 1150 1887 vidisset,

90 1913 145 1974 ‘L.
170 1911 310 1987 Aemili,’
334 1911 442 1990 inquit
464 1912 580 1990 ‘quem
603 1930 706 1972 unum
728 1910 892 1974 insontem
915 1911 1029 1991 culpae
1052 1912 1186 1980 cladisr

91 2012 270 2074 hodiernae
287 2011 339 2073 dei
358 2011 514 2089 respicere
532 2010 663 2085 debent,
678 2024 757 2089 cape
774 2010 861 2072 hunc
877 2030 1009 2090 equum,
1022 2011 1101 2074 dum
1118 2018 1152 2074 et

92 2111 154 2173 tibi
169 2111 290 2171 virium
304 2108 429 2189 aliquid
442 2115 590 2187 superest
603 2115 637 2172 et
652 2129 759 2171 comes
772 2128 832 2186 ego
846 2116 879 2172 te
893 2109 1005 2173 tollere
1019 2130 1152 2193 possum

91 2231 130 2272 ac
148 2216 328 2289 protegere.
375 2209 423 2271 Ne
440 2208 608 2271 funestam
625 2208 709 2271 hanc
727 2228 872 2288 pugnam
890 2217 994 2273 morte
1013 2211 1152 2273 consulis
1172 2233 1187 2278 s

91 2310 222 2385 feceris;
256 2309 358 2372 etiam
379 2309 448 2371 sine
470 2307 531 2370 hoc
553 2308 759 2370 lacrimarum
783 2309 863 2370 satis
885 2309 1058 2389 luctusque
1079 2312 1150 2374 est)

92 2409 145 2473 Ad
168 2429 208 2472 ea
233 2408 362 2471 consul:
396 2408 464 2470 ‘Tu
487 2408 630 2487 quidem,
655 2408 712 2470 Cn.
737 2408 874 2484 Corneli,
899 2416 1006 2473 macte
1029 2411 1187 2476 virtutes

91 2516 182 2585 esto;
224 2507 282 2571 sed
313 2528 392 2570 cave
422 2508 545 2570 frustra
576 2507 760 2570 miserando
790 2508 945 2587 exiguum
975 2516 1105 2590 tempus
1134 2530 1152 2573 e

92 2608 246 2671 manibus
261 2606 407 2669 hostium
420 2606 581 2669 evadendi
596 2607 761 2669 absumas.
805 2607 879 2682 Abi,
894 2609 1011 2671 nuntia
1025 2608 1152 2688 publice
1174 2621 1201 2666 10

91 2707 254 2789 patribus,
271 2707 387 2769 urbem
403 2707 590 2768 Romanam
606 2707 757 2769 muniant
773 2728 820 2782 ae,
838 2708 1030 2788 priusquam
1047 2709 1153 2771 victor

92 2807 198 2870 hostis
226 2806 372 2882 advenit,
402 2806 571 2885 praesidiis
599 2806 730 2871 firment
738 2827 746 2883 3
787 2807 943 2886 privatim
970 2807 1008 2883 Q.
1039 2807 1150 2882 Fabio,

92 2907 130 2968 L.
165 2906 342 2969 Aemilium
375 2913 625 2984 praeceptorum
657 2906 726 2967 eius
759 2926 936 2969 memorem
967 2912 1001 2969 et
1033 2906 1152 2969 vixisse
1229 2973 1232 2979 ,

93 3006 203 3069 adhuc
217 3013 251 3068 et
268 3006 360 3067 mori.
405 3005 506 3067 Mein
522 3004 583 3066 hac
598 3010 706 3082 strage
722 3005 864 3067 militum
879 3024 1025 3069 meorum
1040 3012 1152 3084 patere
1174 3027 1200 3072 11

93 3106 268 3184 exspirare,
281 3124 322 3167 ne
335 3110 393 3167 aut
406 3123 478 3166 reus
490 3104 610 3166 iterum
621 3124 638 3166 e
652 3104 824 3167 consulatu
835 3103 897 3165 sim
910 3110 968 3167 aut
983 3112 1154 3168 aecusator

96 3204 236 3282 collegae
262 3203 414 3279 existam,
442 3210 480 3264 ut
507 3202 612 3265 alieno
640 3203 772 3265 crimine
798 3203 1019 3266 innocentiam
1046 3224 1154 3268 meam

96 3303 290 3383 protegam!
336 3304 426 3365 Haec
459 3322 514 3365 eos
547 3302 673 3379 agentis
706 3303 795 3381 prius
828 3303 926 3365 turba
957 3303 1154 3381 fugientium
1174 3327 1202 3371 12

97 3404 229 3478 civium,
255 3402 372 3467 deinde
395 3402 506 3465 hostes
529 3421 731 3481 oppressere;
768 3401 943 3477 consulem,
967 3403 1154 3484 ignorantes

97 3503 170 3583 quis
202 3509 299 3578 esset,
334 3502 470 3565 obruere
513 3501 596 3575 telis,
632 3500 810 3564 Lentulum
842 3502 928 3564 inter
972 3502 1153 3567 tumultum
