2504 3900
1205 32 1226 63 Ἰ

145 235 186 301 18
626 249 716 300 mvr
1015 216 1248 316 [cooxxxm]

108 443 124 490 9
143 423 285 486 necdum
303 423 391 486 enim
410 430 504 486 erant
524 424 601 486 socii
622 424 721 486 vestri
734 459 775 466 —
789 430 924 486 cautum
942 431 1002 487 est.
1047 423 1091 486 At
1110 420 1199 488 enim

143 543 182 587 eo
205 523 345 599 foedere,
371 523 460 602 quod
485 543 559 586 cum
584 523 790 586 Hasdrubale
814 524 917 586 ictum
940 531 1000 599 est,
1024 525 1199 603 Saguntini

71 632 83 651 '·
141 623 361 703 excipiuntur.
406 623 571 686 Adversus
590 623 679 703 quod
696 642 755 701 ego
773 623 852 685 nihil
871 623 1017 686 dicturus
1034 643 1118 699 sum,
1137 625 1201 688 nisi

92 741 123 786 ro
144 704 271 802 quffi‘a
291 723 384 785 vobis
405 723 513 785 didici.
558 724 624 786 Vos
643 724 730 786 enim
750 723 839 803 quod
858 724 892 786 C.
913 724 1067 786 Lutatius
1087 726 1201 788 consul

143 823 247 902 primo
273 823 444 885 nobiscum
468 822 583 884 foedus
607 823 675 896 icit,
702 822 779 902 quia
804 842 910 903 neque
933 843 975 886 ex
999 824 1203 889 auctoritate

143 928 275 1001 patrum
288 943 347 985 nec
361 922 473 1001 populi
487 923 576 985 iussu
589 923 787 998 ictum'erat,
801 923 944 1001 negastis
956 941 1015 985 vos
1027 943 1065 986 eo
1079 925 1187 986 teneri
1195 945 1202 1001 ;

141 1022 254 1101 itaque
272 1022 362 1084 aliud
380 1022 420 1084 de
438 1023 564 1099 integro
582 1021 698 1085 foedus
716 1021 846 1101 publico
866 1022 997 1084 consilio
1015 1023 1120 1085 ictum
1135 1031 1202 1087 est.

93 1140 120 1185 11
142 1121 175 1184 si
195 1140 254 1183 vos
274 1141 340 1184 non
361 1128 475 1184 tenent
495 1121 627 1184 foedera
648 1129 758 1184 vestra
778 1122 839 1183 nisi
860 1142 900 1184 ex
920 1122 1119 1185 auctoritate
1139 1130 1204 1187 aut

142 1221 231 1283 iussu
245 1227 355 1283 vestro
369 1221 445 1296 icta,
462 1241 502 1284 ne
516 1221 954 1311 nosdguidemqilasdrubalis
968 1221 1093 1296 foedus,
1109 1224 1204 1302 quod
1227 1262 1247 1317 ἦ

93 1329 121 1374 12
141 1320 236 1382 nobis
274 1321 382 1383 insciis
420 1321 488 1396 icit,
509 1293 680 1399 ¹⁴obligare¹
710 1312 830 1400 potuit.
875 1321 1015 1385 Proinde
1053 1292 1236 1412 omittite?

141 1420 279 1515 Sagunti
307 1426 408 1511 atque
437 1421 550 1483 Hiberi
579 1421 780 1483 mentionem
807 1421 923 1501 facere,
951 1427 995 1502 etp,
1025 1421 1115 1500 quod
1142 1422 1204 1486 diu

93 1527 122 1573 13
141 1502 284 1631 bartunt
296 1520 424 1581 animus
437 1527 554 1595 vester,
564 1520 745 1600 aliquando
758 1521 886 1599 pariat!
931 1520 1017 1582 Tum
1028 1521 1204 1585 Romanus

141 1606 215 1681 sinii
235 1639 276 1682 ex
298 1626 375 1697 toga
395 1620 485 1682 facto
506 1620 601 1682 ‘Hic'
624 1621 732 1699 inquit
753 1620 864 1717 ‘vobis
886 1620 1008 1711 bellum
1028 1627 1062 1684 et
1083 1641 1204 1700 pacem

142 1725 329 1799 portamus:
353 1726 466 1781 utrum
480 1718 598 1799 placet,
613 1721 755 1807 sumite!
800 1690 868 1784 Slrb
881 1708 967 1782 hanc
981 1740 1096 1784 vocem
1109 1720 1204 1786 haud

141 1819 249 1881 minus
276 1819 437 1894 ferociter,
468 1818 561 1881 daret
590 1816 702 1881 utrum
731 1820 840 1896 vellet,
870 1819 1109 1883 succlamatum
1136 1829 1202 1886 est.

92 1936 121 1982 14
142 1919 186 1981 Et
200 1938 275 1981 cum
288 1919 314 1980 is
328 1919 448 1981 iterum
461 1919 534 1980 sinu
547 1918 650 1981 effuso
664 1918 787 1982 bellum
802 1920 879 1982 dare
893 1920 1038 1996 dixisset,
1053 1921 1203 2000 accipere

141 2037 175 2081 se
206 2037 319 2080 omnes
353 2017 590 2096 responderunt
623 2025 666 2093 et,
701 2019 820 2098 quibus
853 2020 1037 2098 acciperent
1069 2019 1202 2099 animle,

141 2117 245 2181 isdem
260 2137 293 2180 se
309 2124 466 2194 gesturos

94 2230 134 2279 19
185 2218 275 2280 Haec
300 2217 430 2280 derecta
454 2219 680 2297 percunctatio
704 2239 742 2280 ac
766 2219 972 2282 denuntiatio
996 2218 1071 2281 belli
1095 2220 1204 2299 magis

141 2337 183 2380 ex
204 2316 365 2395 dignitate
387 2317 498 2396 populi
520 2317 663 2379 Romani
685 2319 755 2379 visa
775 2325 825 2380 est
847 2338 948 2397 quam
969 2317 1009 2380 de
1029 2317 1203 2382 foederum

141 2420 209 2479 iure
232 2416 340 2479 verbis
363 2417 555 2495 disceptare,
581 2437 655 2479 cum
678 2425 765 2492 ante,
791 2425 863 2480 tum
886 2417 1028 2480 maxime
1050 2417 1203 2495 Sagunto

106 2517 260 2579 ccxcisa.
305 2517 392 2578 Nam
413 2517 439 2578 si
463 2516 639 2579 verborum
661 2517 907 2596 disceptationis
929 2537 979 2579 res
1000 2523 1095 2592 esset,
1119 2518 1203 2596 quid

141 2616 256 2679 foedus
289 2616 505 2678 Hasdrubalis
538 2637 612 2678 cum
645 2617 758 2678 Lutati
797 2617 902 2695 priore
937 2617 1076 2691 foedere,
1109 2617 1202 2697 quod

105 2722 310 2779 emutatum
335 2722 395 2790 est,
425 2716 681 2794 comparandum
712 2722 793 2791 erat,
822 2735 896 2777 cum
926 2717 959 2777 in
991 2716 1106 2778 Lutati
1131 2715 1201 2780 foe-

142 2815 217 2879 dere
236 2810 355 2878 diserte
375 2814 527 2877 additum
547 2823 641 2890 esset,
663 2817 710 2878 ita
730 2815 763 2877 id
783 2822 893 2877 ratum
912 2816 990 2891 fore,
1011 2816 1037 2876 si
1058 2815 1201 2894 populus

142 2915 328 2990 censuisset,
361 2914 395 2976 in
429 2914 644 2976 Hasdrubalis
675 2914 804 2977 foedere
835 2935 894 2976 nec
925 2920 1101 2993 exceptum
1132 2915 1201 2979 tale

142 3014 319 3093 quicquam
347 3014 457 3089 fuerit,
487 3020 520 3076 et
550 3019 601 3076 tot
630 3032 792 3074 annorum
820 3013 948 3075 silentio
977 3015 1024 3097 ita
1053 3013 1131 3075 vivo
1160 3034 1200 3078 eo

142 3113 393 3192 comprobatum
415 3114 458 3174 sit
480 3113 606 3188 foedus,
631 3118 668 3174 ut
691 3131 732 3174 ne
755 3120 885 3174 mortuo
909 3113 1042 3191 quidem
1064 3119 1200 3178 auctore

105 3214 319 3293 equiequam
341 3215 549 3275 mutaretur?
593 3212 813 3290 Quamquam,
836 3219 870 3275 et
893 3214 919 3274 si
942 3214 1047 3291 priore
1068 3213 1201 3278 foedere

141 3319 294 3388 staretur,
315 3313 395 3375 satis
416 3317 550 3374 cautum
569 3318 640 3374 erat
660 3312 849 3388 Saguntinis
869 3313 963 3373 sociis
983 3318 1200 3392 utrorumque

141 3413 297 3492 exceptis
342 3412 429 3474 Nam
446 3430 552 3490 neque
570 3410 722 3473 additum
740 3417 811 3472 erat
829 3411 883 3472 ‘iis
902 3412 957 3490 qui
976 3416 1055 3472 tunc
1073 3413 1199 3474 essent'

105 3527 201 3576 onec
228 3512 286 3576 ‘ne
313 3512 370 3592 qui
398 3518 513 3591 postea
541 3510 823 3582 adsumerentur’;
845 3516 897 3602 yet
926 3529 1000 3572 cum
1027 3511 1201 3576 adsumere
