2496 3908
85 278 125 340 20
568 290 659 340 mvr
955 288 1141 354 [sooaxxr.

84 463 263 541 postulatio
290 464 360 527 visa
385 472 435 528 est
462 485 600 539 censere,
627 485 667 528 ne
693 465 726 525 in
753 464 886 527 Italiam
911 464 1142 527 transmittant

84 561 168 624 Galli
192 561 324 638 bellum,
349 564 436 642 ipsos
459 564 493 626 id
517 571 664 627 avertere
687 564 721 624 in
744 583 778 626 se
801 582 960 647 agrosque
983 582 1059 625 suos
1083 583 1142 642 pro

49 661 197 724 calienis
221 662 426 741 populandos
450 662 587 725 obicere.
631 663 753 726 Sedato
778 663 913 725 tandem
936 662 1071 725 fremitu
1095 683 1143 725 re-

84 780 241 840 sponsum
265 761 380 840 legatis
404 768 464 837 est,
490 782 595 841 neque
621 763 847 824 Romanorum
871 762 904 822 in
929 781 962 824 se
988 762 1145 824 meritum

83 879 152 923 esse
174 880 280 940 neque
302 860 620 938 Carthaginiensium
642 861 804 936 iniuriam,
829 860 871 923 ob
894 881 978 940 quae
1001 868 1060 924 aut
1084 882 1142 940 pro

48 974 64 1019 e
84 960 243 1022 Romanis
264 966 323 1022 aut
344 960 502 1022 adversus
524 961 649 1022 Poenos
670 967 804 1023 sumant
826 980 932 1037 arma;
968 967 1082 1023 contra
1103 980 1142 1023 ea

83 1059 196 1122 audire
218 1079 296 1135 sese,
320 1059 426 1137 gentis
448 1078 526 1122 suae
548 1059 696 1122 homines
717 1079 795 1137 agro
817 1058 1001 1139 finibusque
1024 1060 1142 1122 Italiae

84 1158 158 1237 pelli
178 1178 198 1219 a
218 1159 340 1238 populo
361 1159 513 1221 Romano
533 1159 799 1238 stipendiumque
820 1159 960 1237 pendere
979 1166 1013 1222 et
1035 1166 1142 1222 cetera

48 1257 217 1335 sindigna
243 1258 324 1337 pati,
369 1258 496 1321 Eadem
521 1258 622 1321 ferme
648 1259 682 1319 in
709 1259 822 1321 ceteris
848 1258 972 1321 Galliae
999 1259 1142 1321 conciliis

84 1357 172 1420 dicta
205 1358 385 1438 auditaque
393 1378 401 1435 ;
446 1378 505 1420 nec
538 1358 700 1437 hospitale
733 1358 910 1438 quicquam
943 1364 1142 1436 pacatumve

47 1457 163 1520 asatis
184 1458 272 1536 prius
293 1458 445 1520 auditum
467 1478 567 1537 quarn
588 1457 765 1519 Massiliam
786 1477 912 1520 venere.
958 1456 1009 1519 lbi
1030 1459 1142 1520 omnia

82 1556 125 1618 ab
147 1557 241 1619 sociis
263 1557 420 1637 inquisita
444 1577 518 1620 curn
542 1577 618 1619 cura
640 1578 677 1619 ac
700 1557 763 1619 fide
787 1557 933 1635 cognita:
967 1577 1141 1636 praeoccu-

83 1661 179 1736 patos
208 1657 275 1718 iarn
304 1663 382 1720 ante
412 1656 454 1719 ab
486 1655 672 1719 Hannibale
702 1656 870 1719 Gallorum
900 1657 1026 1720 animos
1056 1677 1141 1734 esse;

60 1753 140 1820 ¹sed
161 1756 268 1820 nerlii
291 1756 425 1836 quidem
447 1757 508 1835 ipsi
530 1757 611 1818 satis
633 1757 747 1818 mitem
769 1762 901 1834 gentem
922 1757 1045 1818 fore—
1058 1758 1140 1820 adeo

82 1855 202 1919 ferocia
224 1863 325 1936 atque
348 1856 510 1919 indomita
533 1856 662 1935 ingenia
685 1875 818 1930 esse‚—
832 1856 864 1916 ni
888 1855 1026 1919 subinde
1049 1876 1139 1933 auro,
1183 1894 1187 1903 ·

84 1956 174 2018 cuius
196 1955 385 2018 avidissima
406 1975 484 2034 gens
505 1961 565 2029 est,
589 1955 773 2034 principum
795 1955 895 2016 animi
918 1955 1139 2019 concilientur.

47 2055 137 2121 alta
164 2055 344 2134 peragratis
371 2054 551 2134 Hispaniae
578 2053 767 2133 Galliaeque
794 2053 922 2132 populis
948 2053 1047 2131 legati
1075 2055 1141 2117 Ro-

5 2233 8 2241 ·
83 2175 172 2216 mam
189 2155 327 2218 redeunt
344 2153 434 2217 haud
451 2154 499 2216 ita
517 2153 622 2216 multo
641 2159 715 2232 post
733 2172 834 2232 quarn
852 2152 998 2216 consules
1016 2153 1049 2214 in
1067 2174 1141 2233 pro-

83 2253 207 2316 vincias
230 2253 368 2333 profecti
391 2259 496 2317 erant.
540 2253 718 2315 Civitatem
742 2272 873 2315 omnem
895 2253 1142 2331 exspectatione

81 2352 158 2417 belli
175 2360 318 2417 erectam
336 2353 543 2428 invenerunt,
561 2353 642 2415 satis
660 2357 832 2415 constante
849 2352 939 2414 fama
956 2352 1023 2413 iam
1040 2352 1142 2440 Hibe-

85 2473 158 2515 rum
174 2455 299 2516 Poenos
316 2453 480 2516 transisse.

34 2568 73 2616 21
129 2552 295 2615 Hannibal
333 2553 480 2631 Sagunto
528 2559 625 2631 capto
670 2551 903 2639 Carthaginem
940 2553 1071 2615 Novam
1108 2553 1142 2615 in

85 2652 221 2714 hiberna
247 2659 459 2727 concesserat,=
486 2651 597 2731 ibique
631 2652 753 2715 auditis
780 2672 864 2732 quae
890 2652 1017 2716 Romae
1043 2672 1143 2733 quae-

84 2772 147 2832 que
164 2751 361 2830 Carthagine
379 2758 455 2814 acta
473 2752 669 2832 decretaque
686 2753 805 2828 forent,
824 2772 923 2831 seque
940 2772 1007 2815 non
1024 2753 1142 2816 ducem

49 2868 64 2912 a
84 2851 189 2914 solum
208 2852 264 2915 sed
283 2851 384 2914 etiam
404 2871 537 2914 causam
555 2872 624 2915 esse
642 2851 728 2926 belli,
749 2851 880 2930 partitis
899 2852 1143 2932 divenditisque

85 2951 227 3031 reliquiis
254 2951 393 3030 praedae
420 2951 500 3012 nihil
527 2951 614 3013 ultra
641 2951 858 3014 differendum
885 2958 976 3014 ratus
1004 2952 1143 3032 Hispani

50 3072 65 3117 3
85 3050 208 3130 generis
229 3051 347 3113 milites
368 3057 539 3114 convocat.
583 3051 703 3113 ‘Credo
723 3070 782 3128 ego
802 3052 876 3112 vos'
897 3051 1015 3131 inquit,
1036 3051 1141 3128 ‘socii

85 3157 119 3213 et
139 3151 226 3229 ipsos
249 3170 386 3226 cernere,
409 3151 536 3230 pacatis
557 3150 709 3213 omnibus
732 3151 911 3229 Hispaniae
933 3151 1062 3231 populis
1083 3157 1143 3215 aut

85 3250 262 3313 finiendam
287 3249 381 3312 nobis
407 3250 558 3312 militiam
582 3251 810 3329 exercitusque
835 3251 1050 3314 dimittendos
1074 3271 1143 3315 esse

47 3369 63 3414 4
86 3356 145 3412 aut
166 3350 199 3410 in
221 3349 301 3412 alias
323 3356 425 3412 terras
447 3351 712 3413 transferendum
732 3349 870 3426 bellum;
904 3351 951 3413 ita
973 3351 1060 3413 enim
1081 3350 1165 3437 hae¹

86 3456 198 3529 gentes
221 3469 287 3512 non
310 3449 399 3528 pacis
422 3449 528 3512 solum
551 3450 607 3512 sed
630 3450 732 3512 etiam
754 3449 911 3512 victoriae
934 3450 1028 3512 bonis
1051 3438 1144 3524 florii-¹
1173 3444 1180 3469 ³

86 3550 181 3624 bunt,
200 3549 226 3610 si
243 3569 285 3611 ex
302 3549 372 3610 aliis
389 3549 541 3625 gentibus
559 3550 716 3627 praedam
733 3556 766 3612 et
784 3548 920 3627 gloriam
938 3569 1148 3629 quaeremus·
1189 3572 1193 3578 ·
