2496 3908
58 269 159 320 σωκ.
174 270 215 332 33,
230 270 342 336 saca]
544 272 637 320 nrvu
938 251 940 256 ’
1055 260 1118 324 139

56 453 169 510 tamen
203 447 250 509 ita
283 447 447 526 perculsos
481 448 646 527 iratosque
662 449 694 509 in
728 448 831 511 aciem
864 468 1026 527 accepere,
1061 447 1154 510 seda

56 547 203 610 densatis
227 547 395 609 ordinibus
419 549 453 608 in
477 567 598 610 cornua
622 567 831 628 vacuumque
855 549 939 610 circa
964 567 1118 626 campum

55 653 151 710 extra
181 642 354 725 proelium
371 648 501 723 eiecere,
533 667 573 709 ne
603 648 725 726 pavido
755 648 833 726 iuga
864 654 898 710 et
928 647 1118 710 vulneribus

56 746 160 809 milite
184 747 344 809 sinceram
367 754 401 809 et
425 748 587 825 integram
610 748 714 810 aciem
737 748 920 820 miscerent.
966 747 1117 810 Ceterum
1138 764 1154 809 9

56 853 153 910 tanta
189 853 314 925 strages
351 846 521 909 hominurn
557 867 789 926 armorumque
825 847 943 923 locum,
982 847 1015 907 in
1053 866 1118 926 quo

55 951 218 1009 steterant
245 946 344 1024 paulo
371 953 449 1008 ante
476 946 660 1023 auxiliares,
691 947 921 1025 compleverat,
951 953 990 1008 ut
1017 965 1119 1025 prope

57 1046 218 1133 difficilior
253 1045 411 1107 transitus
447 1052 541 1120 esset,
579 1065 679 1124 quam
715 1065 773 1124 per
809 1047 972 1109 confertos
1009 1045 1118 1108 hostes

55 1146 174 1207 fuerat.
220 1145 349 1223 Itaque,
381 1145 437 1223 qui
467 1145 563 1223 primi
593 1152 698 1220 erant,
729 1145 853 1208 hastati
883 1165 941 1225 per
972 1144 1118 1207 cumulos
1139 1163 1167 1208 10

57 1264 231 1323 corporum
260 1264 491 1323 armorumque
520 1251 554 1306 et
584 1245 696 1307 tabem
726 1246 903 1323 sanguinis,
936 1265 1001 1326 qua
1032 1245 1118 1324 quis-
1193 1262 1196 1268 ·

56 1364 120 1424 que
143 1350 285 1423 poterat,
310 1350 483 1423 sequentes
507 1343 636 1407 hostem
659 1350 693 1407 et
717 1345 808 1423 signa
833 1341 867 1407 et
891 1345 1019 1407 ordines
1044 1364 1117 1406 con-

55 1443 223 1506 fuderunt.
269 1443 458 1522 Principum
486 1463 617 1523 quoque
643 1445 735 1523 signa
763 1445 916 1507 fluctuari
945 1450 1118 1523 coeperant

56 1564 176 1622 vagam
198 1548 276 1605 ante
297 1564 331 1606 se
353 1543 513 1605 cernendo
535 1544 648 1606 aciem.
694 1544 790 1620 Quod
813 1544 922 1623 Scipio
944 1543 1001 1606 ubi
1022 1543 1116 1619 vidit,
1138 1563 1165 1608 11

56 1645 202 1722 receptui
223 1663 360 1722 propere
382 1663 495 1706 canere
517 1643 657 1706 hastatis
680 1645 773 1706 iussit
795 1650 829 1706 et
851 1644 968 1706 sauciis
990 1645 1023 1704 in
1045 1663 1116 1722 pos-

55 1749 197 1806 tremam
220 1744 323 1805 aciem
345 1743 515 1806 subductis
537 1744 699 1822 principes
722 1744 916 1823 triariosque
939 1744 972 1804 in
996 1763 1116 1806 cornua

56 1844 193 1919 inducit,
222 1863 288 1923 quo
316 1844 419 1906 tutior
446 1843 633 1923 firmiorque
660 1843 768 1906 media
796 1843 1004 1906 hastatorum
1032 1844 1116 1906 acies

55 1949 151 2006 esset.
197 1944 251 2005 Ita
266 1963 390 2005 novum
405 1943 446 2005 de
460 1943 586 2021 integro
601 1943 761 2022 proelium
776 1948 887 2005 ortum
903 1950 952 2005 est
959 1964 968 2019 ,·
995 1943 1117 2022 quippe
1139 1967 1166 2012 12

56 2044 98 2106 ad
123 2063 217 2106 veros
241 2043 350 2106 hostes
373 2049 570 2122 perventum
593 2049 674 2118 erat,
699 2048 732 2105 et
756 2063 922 2105 armorum
946 2062 1060 2121 genere
1083 2049 1117 2105 et

56 2164 118 2206 usu
137 2143 274 2205 militiae
293 2142 435 2206 etfama
454 2162 562 2205 rerum
581 2149 747 2221 gestarum
766 2148 800 2205 et
819 2142 1047 2221 magnitudine
1065 2142 1116 2205 vel

56 2243 124 2323 spei
140 2243 192 2305 vel
207 2243 346 2322 periculi
356 2263 460 2322 pares.
505 2243 568 2306 Sed
584 2249 617 2305 et
632 2262 768 2305 numero
783 2243 929 2321 superior
945 2242 1116 2305 Romanus
1138 2265 1166 2310 13

57 2349 127 2407 erat
149 2348 184 2405 et
206 2343 327 2418 animo,
351 2343 440 2423 quod
464 2343 530 2404 iarn
560 2343 696 2421 equites,
721 2342 787 2404 iam
810 2342 1003 2420 elephantos
1024 2342 1115 2431 fude-
1207 2349 1210 2353 ’

57 2432 118 2519 rat,
142 2443 209 2505 iam
231 2443 336 2521 prima
359 2443 428 2504 acie
455 2442 549 2521 pulsa
579 2443 612 2503 in
641 2443 818 2504 secundam
841 2442 1021 2520 pugnabat.
1075 2443 1166 2510 In35

56 2550 204 2623 tempore
236 2543 364 2604 Laelius
395 2563 433 2604 ac
465 2542 645 2617 Masinissa,
677 2542 788 2621 pulsos
819 2561 877 2620 per
907 2542 1115 2621 aliquantum

57 2643 155 2722 spatii
188 2643 291 2705 secuti
322 2643 459 2721 equites,
493 2648 693 2705 revertentes
725 2643 758 2702 in
790 2661 940 2704 aversam
972 2641 1117 2704 hostium

57 2744 160 2806 aciem
188 2743 359 2804 incurrere.
411 2743 443 2804 Is
471 2742 604 2805 demum
631 2741 781 2821 equiturn
809 2742 951 2821 impetus
978 2741 1116 2821 perculit

57 2843 195 2906 hostem.
241 2843 337 2904 Multi
371 2843 584 2905 circumventi
618 2842 650 2903 in
684 2843 752 2904 acie
787 2843 885 2918 caesi;
931 2841 1026 2904 multi
1059 2861 1150 2920 pera

57 2949 227 3022 patentem
266 2943 349 3004 circa
388 2962 541 3021 campum
578 2943 656 3021 iuga
694 2942 797 3020 sparsi
836 2947 969 3004 tenente
1006 2941 1115 3002 omnia

57 3045 209 3124 equitatu
248 3044 370 3122 passim
410 3044 613 3107 interierunt.
658 3042 975 3121 Carthaginiensium
1014 3041 1150 3105 socios

58 3164 196 3225 rumque
227 3164 319 3206 caesa
350 3164 388 3206 eo
419 3144 470 3206 die
500 3164 599 3224 supra
630 3145 747 3223 viginti
778 3142 882 3219 milia;
925 3161 985 3221 par
1014 3140 1115 3203 ferme

58 3265 212 3309 numerus
238 3251 353 3324 captus
379 3264 453 3306 curn
478 3245 576 3324 signis
601 3244 796 3307 militaribus
823 3248 955 3306 centum
980 3240 1114 3320 triginta

59 3346 196 3423 duobus,
218 3346 400 3425 elephantis
421 3339 582 3408 undecim.
628 3345 775 3407 Victores
795 3344 838 3406 ad
859 3341 946 3405 mille
966 3347 1000 3404 et
1021 3340 1114 3419 quin-

59 3448 144 3526 genti
161 3447 313 3510 cecidere.

100 3545 267 3610 Hannibal
285 3565 359 3608 cum
375 3545 488 3625 paucis
504 3544 670 3625 equitibus
686 3543 771 3607 inter
787 3542 978 3606 tumultum
990 3540 1130 3618 elapsus
1145 3547 1167 3587 a
