2496 3908
136 210 178 272 41
619 218 707 272 mvr
1011 226 1109 290 [soor
1120 226 1184 278 1111.

137 396 240 459 hostis
263 405 435 461 cruentum
456 405 620 461 certarnen
641 399 745 462 edidit
766 407 799 462 et
821 399 935 462 incluti
957 400 1072 481 populi
1095 421 1185 480 reges·

89 514 116 558 12
138 517 201 576 que
220 497 340 576 perlevi
360 506 527 561 momento
546 499 624 561 victi
644 506 731 561 sunt.
778 500 874 576 Nam,
894 500 1031 579 dempto
1050 501 1113 564 hoo
1130 521 1186 564 uno

137 597 261 675 fulgore
284 598 424 660 nominis
448 599 599 673 Romani,
624 599 703 677 quid
725 605 776 661 est
800 619 856 661 cur
877 599 923 661 illi
946 600 1042 679 vobis
1066 621 1186 682 compa-

88 709 116 752 13
138 697 231 758 randi
253 698 343 760 sint?
388 699 433 760 Ut
456 699 572 776 viginti
595 718 757 761 annorum
780 699 932 762 militiam
952 707 1100 763 vestram
1122 721 1187 764 cum

136 797 191 859 illa
210 798 344 872 virtute,
365 817 440 859 cum
458 797 512 859 illa
530 798 664 860 fortuna
683 805 823 874 taceam,
843 799 885 860 ab
905 800 1056 862 Herculis
1076 801 1187 864 colum·

136 898 196 972 nis,
229 897 270 958 ab
303 897 433 959 Oceano
465 898 677 976 terminisque
708 897 832 961 ultimis
863 905 1026 962 terrarum
1056 920 1116 980 per
1143 907 1188 963 tot

136 997 351 1060 ferocissimos
376 997 554 1075 Hispaniae
576 1005 609 1060 et
633 997 756 1060 Galliae
779 999 917 1077 populos
939 999 1111 1064 vincentes
1132 999 1202 1079 huc¹
1225 1072 1227 1081 Ι

87 1109 116 1153 14
137 1097 346 1175 pervenistis,
389 1097 577 1175 pugnabitis
608 1117 682 1159 cum
711 1098 856 1160 exercitu
886 1099 1002 1174 tirone,
1033 1098 1097 1162 hac
1125 1101 1188 1180 ipsa

137 1197 262 1258 aestate
291 1217 383 1259 caeso
410 1197 499 1258 victo
527 1197 735 1261 circumsesso
762 1218 781 1259 a
808 1197 919 1274 Gallis,
946 1199 1061 1277 ignoto
1088 1199 1188 1262 adhuc

88 1307 116 1352 15
137 1297 211 1359 duci
249 1316 307 1358 suo
344 1297 573 1375 ignorantique
610 1297 737 1360 ducem.
782 1298 834 1358 An
871 1317 923 1361 me
959 1299 993 1359 in
1030 1299 1189 1378 praetorio

137 1397 249 1475 patris,
277 1396 444 1458 clarissimi
468 1397 683 1475 imperatoris,
709 1416 810 1476 prope
834 1404 961 1474 natum,
988 1405 1076 1463 certe
1100 1400 1189 1464 educ·

137 1504 219 1572 tum,
241 1496 437 1559 domitorem
457 1497 636 1575 Hispaniae
655 1496 854 1577 Galliaeque,
875 1498 1036 1570 victorem
1054 1500 1190 1562 eundem

137 1616 202 1659 non
224 1596 417 1675 Alpinarum
438 1597 535 1658 modo
556 1597 704 1673 gentium
724 1597 781 1659 sed
801 1597 966 1676 ipsarum,
978 1599 1070 1678 quod
1091 1599 1189 1662 multo

137 1698 241 1759 maius
267 1703 327 1771 est,
354 1696 497 1774 Alpium,
525 1715 600 1757 cum
624 1697 795 1758 semenstri
821 1696 882 1758 hoc
909 1697 1077 1761 conferam
1103 1700 1189 1774 duce,

87 1805 116 1850 16
137 1796 300 1859 desertore
336 1796 497 1858 exercitus
533 1796 606 1857 sui?
649 1796 708 1857 Cui
744 1796 770 1857 si
808 1797 880 1875 quis
917 1797 1060 1876 demptis
1097 1798 1190 1878 signis

137 1897 262 1958 Poenos
292 1896 525 1974 Romanosque
553 1894 650 1957 hodie
679 1896 843 1970 ostendat,
873 1893 1102 1973 ignoraturum
1131 1917 1191 1961 cer·

88 2009 115 2054 17
137 2003 209 2058 tum
236 1995 341 2057 habeo
368 1995 474 2056 utrius
501 1995 662 2057 exercitus
689 1995 731 2056 sit
759 1994 880 2056 consul.
927 1995 1001 2057 Non
1027 2016 1088 2075 ego
1116 1995 1192 2060 illud

137 2096 229 2174 parvi
248 2096 396 2169 aestimo,
417 2094 545 2168 milites,
565 2094 654 2172 quod
672 2114 767 2156 nemo
785 2100 835 2156 est
854 2102 1001 2157 vestrum
1019 2097 1112 2158 cuius
1130 2116 1192 2160 non

137 2202 213 2256 ante
233 2194 343 2256 oculos
362 2195 431 2272 ipse
451 2213 547 2272 saepe
567 2193 707 2254 militare
727 2193 860 2272 aliquod
879 2194 1036 2256 ediderim
1054 2195 1191 2272 facinus,

137 2295 186 2356 cui
206 2314 271 2355 non
290 2293 377 2355 idem
395 2314 453 2371 ego
472 2293 605 2355 virtutis
623 2299 791 2371 spectator
808 2313 845 2354 ac
864 2294 957 2356 testis
975 2301 1094 2358 notata
1113 2303 1192 2360 tem·

88 2394 268 2473 leporibus
296 2394 439 2472 locisque
467 2393 583 2454 referre
610 2413 668 2454 sua
696 2393 817 2471 possim
844 2393 971 2455 decora.
1016 2394 1101 2456 Cum
1126 2395 1193 2458 lau-

136 2495 222 2556 datis
248 2515 267 2555 a
293 2514 344 2555 me
370 2493 495 2554 miliens
522 2493 727 2571 donatisque,
754 2492 906 2554 alumnus
931 2493 1020 2572 prius
1045 2496 1194 2559 omnium

138 2601 283 2656 vestrum
309 2613 410 2671 quam
435 2593 622 2671 imperator,
650 2592 825 2672 procedam
849 2593 882 2653 in
908 2593 1011 2655 aciem
1036 2594 1193 2658 adversus

86 2695 265 2772 44ignotos
292 2693 377 2755 inter
402 2713 435 2754 se
462 2693 722 2771 ignorantesque.
768 2694 982 2772 Quocumque
1010 2693 1193 2757 circumtuli

137 2794 256 2868 oculos,
280 2793 375 2871 plena
397 2793 506 2854 omnia
529 2792 624 2854 video
645 2794 830 2856 animorum
850 2814 888 2855 ac
910 2794 1044 2869 roboris,
1067 2800 1193 2858 vetera·

136 2914 216 2955 num
241 2893 395 2971 peditem,
421 2892 741 2970 generosissimarum
765 2893 912 2970 gentium
936 2893 1063 2972 equites
1087 2894 1193 2958 frena·

101 3001 187 3056 atos
210 2992 465 3071 infrenatosque,
491 3012 549 3052 vos
571 2992 674 3054 socios
697 2992 899 3055 fidelissimos
921 2993 1215 3074 fortissimosque,

136 3112 205 3167 vos,
224 3091 517 3170 Carthaginienses,
538 3111 688 3169 cumpro
707 3092 814 3170 patria
833 3098 905 3154 tum
923 3093 965 3155 ob
984 3094 1067 3154 iram
1084 3094 1192 3175 iustis-

101 3203 116 3248 3
136 3192 253 3253 simam
278 3199 490 3270 pugnaturos.
536 3191 709 3253 Inferimus
734 3191 855 3253 bellum
878 3192 1070 3272 infestisque
1094 3193 1192 3272 signis

137 3291 363 3353 descendimus
378 3291 411 3351 in
428 3290 570 3365 ltaliam,
588 3297 683 3352 tanto
699 3291 854 3352 audacius
870 3291 1052 3372 fortiusque
1068 3313 1188 3372 pugna·

137 3391 201 3452 turi
226 3411 325 3470 quarn
348 3389 461 3465 hostis,
485 3397 611 3470 quanto
634 3390 738 3451 maior
759 3410 841 3468 spes,
866 3392 969 3453 maior
990 3399 1040 3454 est
1063 3393 1191 3454 animus

99 3489 305 3552 tinferentis
338 3491 405 3551 vim
439 3511 539 3569 quam
572 3489 721 3552 arcentis.
767 3490 924 3552 Accendit
958 3498 1126 3569 praeterea
1158 3496 1190 3553 et
