2496 3908
93 259 195 310 cans.
214 261 254 320 20,
269 261 310 321 21,
324 261 381 326 aa]
586 262 675 310 nrvr
1118 251 1158 313 21

95 435 216 514 ltaque
234 453 310 496 cum
327 434 506 513 longinqua
524 456 543 497 a
561 436 659 498 domo
677 437 779 499 instet
797 436 914 499 militia
932 430 1159 515 incertumque
1179 459 1193 503 5

93 534 148 627 sit,
172 534 307 613 quando
330 534 445 596 domos
468 541 594 597 vestras
615 542 648 597 et
671 555 716 615 qu
738 556 755 598 e
779 537 895 635 cuique
917 536 962 598 ibi
985 556 1059 598 cara
1080 542 1158 598 sunt
1209 570 1234 625 ζ»

72 644 75 649 “
95 632 196 695 visuri
211 633 292 706 sitis,
308 633 334 694 si
349 633 422 712 quis
436 640 584 696 vestrum
598 654 673 696 suos
687 557 825 698 inllise'rb
840 635 920 708 volt,
937 616 1207 698 commeatumlb'

96 733 148 795 do.
196 732 306 794 Primo
333 722 408 795 vere
433 732 525 796 edico
552 734 677 809 adsitis,
705 742 743 796 ut
770 735 831 797 diis
857 734 939 796 bene
965 733 1157 797 iuvantibus

95 831 218 895 bellum
239 832 381 909 ingentis
401 832 521 909 gloriae
542 852 620 911 prae
665 853 748 938 educ
761 835 919 925 ‘futurum
939 834 1155 912 incipiamus!
1178 847 1192 892 7

96 931 258 994 Omnibus
279 931 346 994 fere
368 931 493 993 visendi
516 932 631 994 domos
688 905 765 1017 lala
784 920 873 995 bltrb
885 940 1042 1027 potestas
1063 940 1157 1011 grata

95 1037 176 1105 erat,
202 1037 236 1094 et
262 1030 329 1092 iam
354 1031 615 1094 desiderantibus
639 1005 720 1095 sueb'
739 1016 924 1111 etlcfigius
949 1033 1157 1095 infuturum

96 1130 347 1210 providentibus
383 1130 589 1193 desiderium.
635 1133 705 1220 Per·
731 1139 856 1219 totum
876 1139 1006 1212 tempus
1042 1133 1191 1196 hiemisa

95 1229 187 1310 quies
202 1230 295 1305 inter
304 1229 431 1292 labores
447 1237 506 1293 aut
522 1231 588 1293 iam
602 1212 856 1319 exhaustosput'
872 1252 949 1294 mox
964 1233 1156 1294 exhaurien-

95 1315 354 1397 doslrenovavit
381 1350 516 1408 corpora
542 1331 734 1410 animosque
760 1332 938 1394 adomnia
964 1332 1004 1394 dc
1029 1332 1155 1409 integro

95 1429 263 1509 patienda.
310 1430 390 1491 Vere
410 1430 515 1508 primo
535 1430 578 1492 ad
596 1431 743 1493 edictum
763 1451 951 1494 convenere.
1222 1494 1234 1509 „

138 1528 316 1603 Hannibal,
343 1549 417 1590 cum
442 1518 654 1625 recensuisspt
679 1530 826 1633 pmnium
850 1530 998 1608 gentium
1022 1531 1153 1607 auxilia,
1175 1510 1234 1601 941

95 1628 196 1690 Gadis
221 1629 386 1707 profectus
412 1629 543 1691 Herculi
568 1602 647 1691 l‘o'l‘a
671 1613 811 1692 erisolvit
835 1631 994 1708 novisque
1017 1650 1051 1693 se
1075 1630 1191 1699 obli-ci
1225 1652 1229 1661 ·

95 1733 152 1806 gat
177 1728 274 1802 votis,
300 1728 326 1788 si
352 1734 459 1790 cetera
485 1748 638 1808 prospera
663 1720 858 1792 creuissent.
904 1730 985 1792 Inde
1011 1731 1154 1808 partiens
1176 1740 1219 1807 103.

97 1846 189 1889 curas
212 1827 308 1888 simul
333 1827 366 1887 in
390 1827 596 1890 inferendum
620 1835 721 1907 atque
745 1830 922 1891 arcendum
946 1825 1077 1904 bellum,
1102 1802 1170 1905 ned
1216 1814 1227 1867 l

96 1926 176 1989 dum
210 1927 278 2005 ipse
314 1927 458 1989 terrestri
494 1947 551 2006 per
587 1924 782 2007 Hispaniam
817 1928 1005 2008 Galliasque
1040 1930 1154 1992 itinere

96 2026 228 2088 ltaliam
264 2032 399 2105 peteret,
435 2027 525 2088 nuda
559 2034 740 2107 apertaque
774 2029 933 2090 Romanis
968 2029 1077 2090 Africa
1112 2029 1153 2091 ab

94 2125 202 2189 Sicilia
226 2131 320 2201 esset,
347 2125 456 2188 valido
482 2127 642 2206 praesidio
666 2127 795 2191 firmare
819 2147 892 2190 eam
915 2129 1045 2191 statuit.
1091 2129 1153 2192 Pro
1175 2145 1201 2190 11

93 2246 131 2288 co
159 2225 426 2305 supplementum
453 2226 522 2305 ipse
548 2247 590 2289 ex
617 2227 727 2289 Africa
755 2228 897 2290 maxime
924 2228 1152 2303 iaculatorum,
1231 2254 1234 2261 ·

94 2325 217 2387 levium
245 2326 353 2401 armis,
384 2325 490 2404 petiit,
520 2333 558 2389 ut
588 2327 657 2388 Afri
686 2327 719 2388 in
750 2328 920 2407 Hispania,
952 2328 1091 2406 Hispani
1120 2328 1153 2388 in

93 2425 214 2500 Africa,
244 2424 357 2489 melier
384 2426 497 2544 Plfflaul
525 2426 567 2488 ab
596 2427 694 2489 domo
722 2427 854 2490 futurus
882 2434 1021 2506 uterque
1050 2427 1151 2504 miles,

93 2524 185 2588 velut
223 2526 346 2597 mutuis
384 2522 571 2606 pigneribus
609 2527 755 2606 obligati,
794 2528 959 2606 stipendia
995 2527 1150 2590 facerent.

92 2593 274 2687 Treddclrls
294 2626 382 2687 milia
414 2600 619 2705 octingentos
652 2627 892 2707 quinquaginta
924 2627 1050 2707 pedites
1082 2647 1152 2690 cae·
1173 2641 1201 2686 12

93 2730 200 2787 tratos
257 2725 309 2787 'sit
331 2726 365 2786 in
387 2726 532 2796 Africam
553 2734 586 2789 et
608 2727 791 2790 funditores
813 2727 964 2789 Baleares
986 2726 1151 2805 octingen-

47 2820 50 2826 ’
93 2829 145 2885 tos
165 2791 386 2909 seffluagipta,
408 2827 535 2905 equites
556 2827 677 2889 mixtos
698 2848 739 2889 ex
760 2826 871 2888 multis
892 2826 1044 2904 gentibus
1065 2825 1151 2888 mille

93 2923 262 2987 ducentos.
308 2925 378 2986 Has
401 2927 510 3004 copias
533 2927 654 3012 partim
675 2926 865 3004 Carthagini
889 2925 1049 3004 praesidio
1071 2945 1149 3000 esse,
1172 2938 1199 2982 13

92 3024 215 3101 partim
236 3024 387 3087 distribui
409 3046 467 3104 per
487 3025 632 3095 Africam
653 3006 902 3089 iubethimul
926 3018 1150 3105 cb'r'iquisitcri-

91 3122 153 3186 bus
171 3124 205 3184 in
225 3124 375 3188 civitates
394 3125 499 3186 missis
518 3133 677 3204 quattuor
695 3126 783 3187 milia
803 3126 986 3204 conscripta
1005 3125 1149 3188 delectae

91 3222 284 3309 iuventutis,
310 3225 509 3303 praesidium
533 3219 665 3288 eosdem
689 3232 722 3288 et
747 3226 886 3301 obsides,
913 3226 987 3288 duci
1012 3224 1146 3288 Cartha-

90 3323 200 3402 ginem
237 3323 339 3386 iubet.
385 3325 499 3404 Neque
539 3325 733 3404 Hispaniam
771 3326 1005 3404 neglegendam
1043 3332 1144 3400 ratus
1155 3339 1197 3387 22

90 3430 192 3503 atque
214 3423 248 3486 id
270 3444 308 3486 eo
331 3424 448 3499 minus,
472 3426 561 3504 quod
583 3425 673 3487 haud
695 3426 825 3504 ignarus
848 3432 918 3488 erat
942 3426 1146 3488 circumitam

64 3579 67 3583 .
90 3522 133 3584 ab
154 3523 313 3585 Romanis
334 3543 408 3585 eam
428 3523 543 3602 legatis
565 3525 607 3587 ad
629 3525 850 3587 sollicitandos
872 3525 1057 3604 principum
1079 3526 1146 3586 ani-
