2496 3908
1124 157 1140 188 0

111 246 174 309 112
594 258 685 308 mvr
951 257 1161 322 [aooxxxvr.

111 433 152 501 de
178 434 340 496 sententia
367 434 509 496 maxime
536 432 697 495 descitum
723 432 766 495 ab
792 433 951 495 Romanis
979 432 1164 496 constabat.

62 544 104 594 15
114 533 163 595 De
202 532 360 611 supplicio
401 533 560 611 Campani
606 540 739 596 senatus
780 532 1040 612 haudquaquam
1081 533 1165 596 inter

13 647 16 656 “
111 631 267 694 Fulvium
286 631 523 712 Claudiumque
547 633 778 695 conveniebat:
813 632 916 694 facilis
938 631 1165 711 impetrandae

109 733 224 795 veniae
251 732 415 808 Claudius,
445 733 561 794 Fulvio
591 732 701 794 durior
728 733 891 795 sententia
919 737 1000 794 erat.
1046 732 1166 812 Itaque

74 833 235 912 aAppius
263 833 405 894 Romam
433 833 476 894 ad
504 838 655 895 senatum
684 832 856 894 arbitrium
884 833 953 894 eius
982 832 1027 895 rei
1056 838 1165 895 totum

74 944 89 988 3
110 932 278 995 reiciebat:
315 931 551 1010 percunctandi
576 932 678 994 etiam
703 951 848 1011 aequum
870 951 939 994 esse
964 937 1164 1010 potestatem

110 1033 177 1093 fieri
198 1032 357 1110 patribus,
380 1051 460 1097 num
482 1032 776 1094 communicassent
798 1031 930 1093 consilia
953 1050 1027 1093 cum
1049 1030 1165 1111 aliquis

109 1132 270 1193 sociorum
300 1132 409 1193 Latini
440 1131 579 1192 nominis
608 1129 899 1209 [municipiorum],
930 1136 963 1193 et
993 1150 1075 1192 num
1105 1150 1164 1209 ope

109 1249 221 1292 eorum
244 1231 277 1291 in
300 1230 384 1292 bello
407 1230 514 1292 forent
537 1229 652 1292 adiuti.
698 1230 738 1292 Id
761 1249 838 1292 vero
861 1230 993 1292 minime
1017 1231 1164 1292 commit-

74 1343 88 1387 4
110 1329 246 1391 tendum
267 1349 335 1391 esse
355 1329 491 1392 Fulvius
511 1330 626 1405 dicere,
647 1334 685 1391 ut
705 1328 958 1391 sollicitarentur
978 1329 1165 1391 criminibus

110 1429 217 1491 dubiis
232 1431 394 1490 sociorum
410 1429 555 1490 fidelium
570 1429 671 1490 animi
692 1433 726 1490 et
747 1428 972 1491 subicerentur
992 1428 1163 1505 indicibus,

110 1529 183 1607 quis
201 1548 307 1608 neque
326 1528 406 1607 quid
426 1528 570 1590 dicerent
589 1548 694 1608 neque
714 1527 794 1607 quid
812 1527 967 1604 facerent,
988 1528 1165 1607 quicquam

110 1647 268 1708 umquam
292 1629 383 1706 pensi
406 1628 536 1704 fuisset;
572 1629 684 1707 itaque
707 1647 741 1689 se
764 1647 836 1688 eam
860 1627 1087 1706 quaestionem
1110 1647 1165 1706 op-

74 1735 89 1780 5
110 1747 296 1806 pressurum
318 1728 632 1807 exstincturumque.
680 1727 732 1788 Ab
755 1727 816 1789 hoc
838 1747 985 1789 sermone
1015 1748 1091 1790 cum
1119 1729 1166 1790 di·

110 1828 208 1906 gressi
239 1833 357 1901 essent,
390 1833 423 1889 et
455 1827 581 1905 Appius
613 1827 764 1906 quamvis
795 1827 946 1889 ferociter
976 1826 1166 1906 loquentem

112 1926 266 2004 collegam
287 1946 352 1987 non
374 1926 541 1989 dubitaret
554 1932 665 1988 tamen
686 1926 813 1989 litteras
834 1945 931 2005 super
951 1932 1048 1989 tauta
1070 1947 1103 1989 re
1124 1927 1165 1989 ab

74 2034 89 2079 6
110 2026 217 2087 Roma
229 2032 505 2105 exspectaturum,
518 2026 663 2101 Fulvius,
677 2045 717 2087 ne
729 2024 762 2087 id
774 2026 882 2104 ipsum
893 2026 1166 2104 impedimentum

111 2127 240 2204 incepto
263 2126 357 2200 foret,
383 2125 553 2187 dimittens
576 2125 777 2204 praetorium
800 2125 940 2186 tribunis
963 2125 1106 2188 militum
1129 2145 1166 2188 ac

111 2225 282 2304 praefectis
302 2225 426 2286 socium
445 2225 630 2304 imperavit,
651 2226 701 2287 uti
720 2225 849 2286 duobus
867 2225 998 2287 milibus
1017 2226 1166 2304 equitum

111 2325 243 2387 delectis
273 2322 516 2399 denuntiarent,
547 2332 586 2387 ut
616 2324 658 2386 ad
689 2325 822 2387 tertiam
852 2324 1005 2386 bucinam
1036 2332 1167 2403 praesto

74 2441 89 2486 r
110 2431 227 2488 essent.
272 2424 354 2486 Cum
368 2424 429 2485 hoc
443 2425 596 2503 equitatu
610 2430 707 2487 nocte
720 2425 867 2486 Teanum
881 2424 1048 2502 profectus
1061 2425 1166 2503 prima

109 2525 180 2587 luce
199 2531 330 2602 portam
349 2524 486 2585 intravit
506 2530 606 2601 atque
626 2525 659 2584 in
677 2524 785 2585 forum
804 2524 947 2602 perrexit
954 2543 962 2599 ;
995 2543 1166 2586 concursu-

111 2643 173 2703 que
200 2623 242 2684 ad
269 2623 410 2702 primum
437 2623 586 2702 equitum
615 2624 795 2702 ingressum
821 2624 910 2686 facto
937 2624 1167 2701 magistratum

110 2723 289 2786 Sidicinum
309 2723 402 2784 citari
421 2723 514 2784 iussit
534 2723 784 2802 imperavitque,
804 2729 842 2784 ut
862 2722 1055 2802 produceret
1073 2723 1167 2786 Cam·

75 2837 223 2900 spanos,
251 2841 332 2900 quos
358 2822 391 2882 in
417 2822 566 2883 custodia
592 2822 738 2883 haberet.
784 2822 940 2884 Producti
966 2842 1078 2883 omnes
1104 2823 1167 2884 vir-

111 2922 222 3000 gisque
247 2922 329 2982 caesi
352 2941 390 2983 ac
412 2922 516 2982 securi
539 2923 692 3000 percussi.
737 2921 819 2983 Inde
843 2922 945 2983 citato
968 2941 1052 3001 equo
1076 2922 1167 2984 Cales

110 3020 269 3099 percurrit
276 3041 284 3096 ;
319 3021 375 3082 ubi
399 3040 472 3082 cum
495 3021 528 3080 in
551 3020 708 3082 tribunali
731 3020 928 3082 consedisset
951 3022 1167 3101 productique

111 3120 269 3198 Campani
295 3119 515 3198 deligarentur
540 3120 582 3181 ad
608 3118 731 3198 palum,
758 3138 857 3197 eques
884 3121 967 3181 citus
993 3121 1035 3183 ab
1062 3121 1167 3184 Roma

111 3221 202 3283 venit
221 3220 412 3298 litterasque
431 3240 450 3281 a
469 3220 503 3282 C.
523 3219 699 3298 Calpurnio
718 3224 867 3296 praetore
887 3219 1004 3281 Fulvio
1023 3227 1057 3282 et
1076 3241 1167 3283 sena·

75 3328 165 3383 atus
207 3320 391 3382 consultum
433 3320 545 3381 tradit.
591 3319 738 3381 Murmur
778 3317 820 3379 ab
862 3319 1018 3381 tribunali
1061 3326 1168 3383 totam

113 3421 297 3483 contionem
331 3420 486 3498 pervasit,
524 3419 644 3480 differri
681 3437 748 3478 rem
784 3417 944 3495 integram
980 3419 1022 3480 ad
1057 3426 1169 3499 patres

112 3520 152 3583 de
182 3520 367 3598 Campanis.
412 3520 457 3580 Et
488 3518 623 3579 Fulvius
654 3517 687 3578 id
718 3518 765 3578 ita
795 3536 864 3578 esse
895 3524 986 3579 ratus
1016 3527 1182 3599 acceptas¹
