2496 3908
88 236 195 288 chirs.
213 237 255 294 11,
270 236 325 300 ra]
593 234 683 285 mvr
1101 231 1162 297 107

65 469 67 472 ⁴
90 420 130 475 ut
149 431 257 491 prope
274 411 447 489 repentino
464 410 613 473 adventu
630 410 780 474 incautos
797 415 1004 491 oppresserit.
1049 415 1163 496 Capua
1179 436 1195 481 u

90 513 154 576 etsi
184 511 291 572 nihilo
319 510 450 587 segnius
478 510 610 572 obsessa
638 530 695 589 per
721 531 777 573 eos
805 511 873 575 dies
900 513 1019 590 fuerat,
1049 523 1162 580 tamen

91 611 284 674 adventum
305 609 413 670 Flacci
433 609 545 683 sensit,
566 617 601 671 et
621 609 796 672 admiratio
816 618 889 674 orta
908 621 959 676 est
979 633 1045 676 non
1066 616 1162 678 simul

91 730 280 789 regressum
320 707 552 770 Hannibalem.
608 708 689 772 Inde
728 729 786 789 per
821 712 980 792 colloquia
1016 714 1198 780 intellex-4

92 817 194 874 erunt
217 809 350 871 relictos
373 828 407 870 se
431 807 641 886 desertosque
663 816 698 871 et
716 829 808 888 spem
823 809 955 890 Capuae
973 813 1163 879 retinendae

93 910 308 990 deploratam
337 907 427 986 apud
459 908 585 970 Poenos
614 927 693 971 esse.
738 909 883 973 Accessit
912 911 1058 975 edictum
1090 933 1197 994 pro-a

94 1009 241 1092 consulis
271 1029 313 1070 ex
343 1014 477 1069 senatus
509 1006 658 1069 consulto
688 1009 894 1087 propositum
924 1011 1162 1094 vulgatumque

93 1109 187 1189 apud
212 1108 329 1181 hostiS,
356 1108 476 1186 utqui
503 1107 582 1168 civis
606 1107 794 1186 Campanus
819 1116 897 1172 ante
923 1118 1046 1174 certam
1075 1113 1162 1176 diem

94 1209 281 1281 transisset,
301 1207 370 1268 sine
388 1205 504 1268 fraude
522 1213 617 1269 esset.
664 1207 731 1269 Nec
749 1207 815 1270 ulla
833 1209 923 1272 facta
940 1219 990 1273 est
1009 1214 1161 1277 transitio

94 1315 189 1371 metu
217 1306 322 1384 magis
347 1326 403 1368 eos
429 1325 531 1384 quam
556 1305 620 1368 fide
648 1307 847 1383 continente,
874 1310 951 1388 quia
978 1313 1101 1375 maiora
1128 1315 1196 1376 ina

94 1408 283 1471 defectione
323 1405 540 1484 deliquerant,
580 1425 681 1485 quam
720 1407 840 1486 quibus
878 1409 1000 1488 ignosci
1039 1421 1159 1491 posset.

93 1509 252 1571 Ceterum
265 1525 365 1584 quem
376 1505 419 1566 ad
432 1505 567 1567 modum
579 1525 676 1568 nemo
689 1507 819 1585 privato
832 1508 965 1572 consilio
977 1510 1020 1572 ad
1032 1510 1161 1576 hostem
1182 1525 1195 1571 r

94 1606 274 1681 transibat,
307 1606 356 1667 ita
388 1603 467 1665 nihil
500 1604 643 1667 salutare
675 1606 708 1665 in
741 1606 886 1669 medium
919 1609 1196 1675 consulebatura

95 1707 264 1770 Nobilitas
291 1725 360 1767 rem
387 1704 553 1784 publicam
580 1705 790 1768 deseruerant
816 1725 922 1787 neque
948 1709 981 1770 in
1008 1719 1161 1775 senatum

95 1808 167 1886 cogi
188 1813 361 1886 poterant,
392 1805 425 1864 in
446 1805 642 1882 magistratu
661 1812 742 1880 erat,
763 1807 819 1884 qui
838 1827 904 1869 non
923 1808 984 1870 sibi
1003 1809 1161 1875 honorem

95 1907 281 1981 adiecisset,
310 1905 367 1967 sed
394 1904 591 1981 indignitate
618 1923 677 1965 sua
704 1905 772 1966 vim
799 1926 837 1969 ac
864 1907 914 1968 ius
941 1910 1158 1989 magistratui,

95 2027 197 2087 quem
220 2004 366 2084 gerebat,
392 2005 586 2082 dempsisset
593 2025 601 2081 ;
638 2005 704 2065 iam
727 2023 768 2068 ne
791 2006 825 2067 in
848 2006 919 2070 foro
943 2008 1077 2088 quidem
1101 2021 1160 2076 aut
1181 2025 1196 2069 9

94 2107 229 2187 publico
260 2104 331 2166 loco
362 2104 547 2182 principum
577 2104 753 2183 quisquam
783 2107 975 2185 apparebat,
1007 2109 1160 2174 domibus

93 2206 212 2269 inclusi
228 2205 356 2284 patriae
371 2223 524 2265 occasum
546 2222 621 2265 cum
642 2223 701 2267 suo
722 2205 824 2268 exitio
846 2207 879 2267 in
901 2207 969 2270 dies
991 2218 1159 2290 exspecta-
1182 2222 1209 2268 ιο

94 2308 195 2382 bant;
230 2325 360 2367 summa
384 2323 480 2366 curae
503 2304 608 2365 omnis
631 2304 664 2364 in
688 2305 860 2368 Bostarem
884 2307 1157 2391 Hannonemque,

95 2406 281 2488 praefectos
298 2403 450 2483 praesidii
469 2404 593 2479 Punici,
613 2424 706 2467 versa
724 2413 805 2480 erat,
824 2426 893 2482 suo,
912 2427 978 2470 non
996 2410 1159 2476 sociorum

95 2506 241 2588 periculo
262 2504 427 2567 sollicitos.
474 2504 501 2565 Ii
516 2505 714 2584 >conscriptis
735 2506 777 2567 ad
800 2504 1021 2571 Hannibalern
1041 2508 1159 2575 litteris
1181 2521 1206 2566 11

95 2628 162 2670 non
185 2607 285 2669 libere
309 2606 407 2668 modo
429 2604 487 2668 sed
509 2606 610 2667 etiam
633 2625 755 2684 aspere,
780 2606 899 2686 quibus
921 2627 987 2670 uon
1010 2609 1158 2690 Capuam
1222 2597 1225 2606 ¹

95 2709 202 2770 solam
228 2707 388 2769 traditam
415 2706 448 2766 in
475 2724 611 2767 manum
637 2705 797 2791 hostibus
825 2707 882 2770 sed
907 2728 941 2772 se
967 2729 1098 2791 quoque
1124 2719 1158 2777 et

95 2808 298 2889 praesidium
319 2807 352 2867 in
374 2807 480 2868 omnis
502 2806 665 2868 cruciatus
686 2807 833 2885 proditos
855 2808 1068 2874 incusabant:
1100 2813 1158 2875 ab·
1179 2821 1207 2867 12

96 2910 156 2973 isse
180 2929 255 2971 eum
277 2908 312 2968 in
335 2907 481 2970 Bruttios
504 2907 594 2970 velut
617 2913 819 2971 avertentem
837 2928 914 2985 sese,
937 2930 977 2973 ne
992 2910 1102 2992 Capua
1124 2914 1157 2977 in

96 3009 198 3073 oculis
226 3009 295 3071 eius
324 3013 509 3087 caperetur,
549 3013 585 3069 at
613 3005 741 3071 hercule
769 3007 937 3071 Romanos
964 3029 1005 3074 ne
1033 3033 1157 3094 oppug-

96 3110 232 3172 natione
256 3109 390 3188 quidem
413 3108 503 3170 urbis
527 3108 697 3171 Romanae
721 3107 868 3171 abstrahi
892 3129 911 3171 a
935 3110 1048 3190 Capua
1072 3113 1156 3176 obsi-

97 3210 206 3273 denda
244 3209 405 3288 potuisse:
455 3215 551 3271 tanto
590 3209 845 3272 constantiorem
883 3209 1052 3274 inimicum
1089 3213 1156 3277 Ro·
1177 3223 1205 3269 13

98 3329 234 3371 manum
253 3329 354 3388 quam
373 3308 516 3370 amicum
536 3309 682 3371 Poenum
700 3329 779 3372 esse.
824 3310 857 3372 Si
877 3309 988 3373 redeat
1007 3312 1155 3393 Capuam

97 3410 285 3488 bellumque
311 3429 407 3471 omne
429 3429 467 3470 eo
490 3415 610 3484 vertat,
633 3415 667 3472 et
700 3429 733 3472 se
758 3415 792 3472 et
814 3409 998 3489 Campanos
1021 3421 1155 3492 paratos

97 3510 262 3589 eruptioni
301 3509 379 3571 fore.
425 3509 499 3570 Non
540 3528 614 3571 eum
653 3509 786 3588 Reginis
824 3529 930 3589 neque
969 3511 1154 3578 Tarentinis
1175 3525 1203 3570 14
