2496 3908
103 211 144 274 88
583 218 673 268 mvi
957 216 1055 283 [3001
1067 218 1158 268 xxu.

53 407 82 452 1³
103 396 247 476 abripuit
283 415 397 508 equus.
442 396 527 458 Tum
549 394 706 473 undique
716 392 818 456 effuse
839 392 982 472 fugiunt.
1026 393 1163 472 Septem

103 495 191 558 milia
212 471 411 558 horninum'
404 515 437 556 1n
459 496 585 557 minora
608 500 677 557 east
680 514 725 569 ra,
748 493 889 557 decem
881 512 915 554 ru
936 492 1073 569 maiora,
1096 494 1162 556 duo

102 595 228 659 ferme
220 615 254 657 ur
273 596 383 658 vicum
401 595 509 674 ipsum
527 595 656 657 Cannas
675 593 899 673 perfugerunt,
918 593 975 672 qui
993 593 1163 673 extemplo

102 716 121 757 a
146 694 342 759 Carthalone
367 701 467 774 atque
492 694 659 774 equitibus
683 695 773 756 nullo
798 693 1004 756 munimento
1030 699 1163 772 tegente

53 806 81 851 14
102 795 212 858 vioum
244 795 457 884 circumventi
489 801 577 857 sunt.
622 794 741 857 Consul
773 794 866 870 alter,
889 812 947 856 seu
977 793 1074 869 forte,
1105 813 1163 857 seu

102 895 234 958 oonsilio
257 895 337 957 nulli
360 894 557 973 fugientium
579 895 720 958 insertus
743 894 876 973 agmini,
900 913 976 956 eum
999 893 1163 973 quinqua-

53 1003 80 1047 15
101 995 193 1071 ginta
225 994 292 1057 fere
317 994 491 1074 'equitibus
524 994 701 1058 Venusiam
734 995 887 1074 perfugit.
933 992 1162 1074 Quadraginta

102 1094 247 1172 quinque
274 1094 362 1155 milia
389 1094 559 1173 quingenti
587 1094 723 1173 pedites,
751 1095 817 1158 duo
845 1094 934 1156 milia
960 1094 1162 1174 septingenti
1192 1089 1199 1102 '

101 1194 228 1272 equites
261 1200 294 1256 et
328 1193 501 1256 tantadem
534 1213 634 1273 prope
669 1194 790 1256 civium
823 1196 1051 1275 sociorumque
1085 1214 1162 1275 pars

53 1303 80 1347 16
103 1294 186 1355 oaesi
216 1293 385 1370 dicuntum
425 1294 458 1354 in
487 1293 537 1355 his
565 1293 663 1356 ambo
693 1294 863 1358 consulum
892 1302 1093 1375 quaestores,
1124 1297 1160 1358 L.

102 1392 221 1454 Atilius
246 1399 280 1455 et
306 1393 342 1454 L.
369 1393 486 1455 Furius
512 1393 699 1470 Bibaculus,
725 1402 759 1457 et
784 1395 1009 1474 undetriginta
1035 1396 1161 1459 tribuni

103 1492 255 1568 rnilitum,
285 1492 469 1555 consulares
496 1493 632 1573 quidam
660 1495 879 1574 praetoriique
906 1502 940 1558 et
967 1495 1162 1559 aedilicii-

102 1591 265 1654 intereos
289 1592 346 1654 Cn.
372 1592 546 1655 Servilium
570 1593 745 1656 Geminum
768 1601 802 1657 et
826 1595 870 1655 M.
895 1595 1077 1657 Minucium
1101 1616 1161 1658 nu-

102 1697 241 1767 merant,
262 1692 318 1771 qui
337 1692 493 1771 magister
510 1693 661 1772 equitum
679 1694 784 1772 priore
803 1713 900 1770 anno,
920 1693 1046 1773 aliquot
1066 1697 1161 1758 annis

53 1801 80 1847 17
103 1798 180 1859 ante
203 1792 314 1856 consul
335 1792 444 1855 fuerat
457 1827 508 1868 —,
532 1793 700 1871 octoginta
722 1800 890 1871 praeterea
912 1800 970 1856 aut
992 1802 1161 1858 senatores
1198 1861 1201 1867 ,

103 1898 161 1953 aut
183 1892 239 1970 qui
259 1911 314 1953 eos
336 1892 548 1970 magistratus
569 1893 742 1970 gessissent
762 1892 849 1955 unde
870 1893 903 1953 in
924 1887 1078 1956 senatum
1097 1895 1161 1974 legi

103 1990 269 2066 deberent,
296 2011 371 2054 eum
395 2011 453 2054 sua
478 1991 650 2055 voluntate
675 1991 794 2054 milites
817 1992 851 2053 in
874 1991 1055 2069 legionibus
1078 1995 1161 2058 faeti

53 2101 81 2145 18
102 2098 221 2153 essent.
265 2091 371 2171 Capta
394 2111 433 2154 eo
457 2090 578 2170 proelio
591 2092 666 2155 tria
689 2091 779 2153 milia
802 2091 952 2171 peditum
974 2098 1009 2156 et
1031 2095 1161 2173 equites

105 2190 191 2253 mille
210 2197 244 2253 et
265 2191 435 2269 quingenti
455 2191 619 2254 dicuntur.

53 2304 94 2352 50
148 2292 238 2359 Haec
262 2298 320 2355 ‘est
353 2311 463 2370 pugna
495 2291 692 2367 Cannensis·
716 2290 837 2355 Aliensi
871 2290 954 2353 eladi
986 2292 1161 2357 nobilitate

68 2406 82 2449 a
105 2411 180 2469 par,·
193 2391 412 2457 aeterum.zuti
429 2388 591 2470 eis‚·quae
611 2397 686 2470 post
706 2411 851 2470 pugnarn
871 2390 1026 2468 accidere,
1047 2392 1172 2470 levior-,-

104 2491 181 2569 quia
203 2491 245 2556 ab
267 2490 364 2555 hoste,
383 2498 433 2553 est
456 2496 629 2566 cessatum,
651 2490 696 2553 sio
718 2496 826 2569 strage
847 2491 1009 2554 exereitus
1031 2493 1167 2570 gravior

68 2605 82 2646 3
103 2589 440 2673 foediorquexFuga
465 2610 608 2669 namque
634 2590 677 2652 ad
702 2589 811 2652 Aliam
836 2591 921 2653 siout
946 2590 1062 2654 urbem
1088 2612 1162 2672 pro-

105 2690 198 2765 didit,
218 2689 266 2754 ita
285 2690 466 2752 exereitum
484 2689 645 2766 servavit;
677 2690 719 2752 ad
738 2690 867 2752 Cannas
885 2689 1066 2768 fugientem
1086 2712 1162 2754 oon-

104 2787 207 2851 sulem
234 2788 292 2849 vix
318 2789 558 2869 quinquaginta
585 2788 688 2851 seouti
716 2795 803 2864 sunt,
832 2789 965 2852 alterius
993 2789 1161 2854 morientis

104 2908 204 2967 prope
221 2895 312 2950 totus
327 2889 488 2951 exereitus
503 2889 577 2951 fuit.

69 3004 83 3047 4
147 2988 237 3049 Binis
257 2988 290 3048 in
311 2988 424 3050 eastris
445 3008 519 3049 oum
539 2987 718 3050 multitudo
738 2987 915 3050 semiermis
935 2989 1003 3052 sine
1023 2989 1162 3053 ducibus

104 3094 199 3163 esset,
215 3088 370 3150 nuntium
385 3088 440 3166 qui
456 3088 489 3148 in
505 3088 682 3150 maioribus
697 3094 791 3150 erant
807 3088 957 3164 mittunt,
974 3089 1054 3152 dum
1070 3111 1162 3169 proe-

105 3187 157 3262 lio,
189 3187 305 3250 deinde
334 3207 376 3249 ex
404 3186 530 3249 laetitia
559 3186 663 3265 epulis
692 3186 849 3264 fatigatos
879 3188 970 3266 quies
998 3197 1162 3252 nocturna

77 3354 79 3359 ³
105 3286 214 3349 hostes
235 3293 405 3365 premeret,
426 3294 463 3349 ut
483 3287 525 3349 ad
545 3307 578 3348 se
597 3286 791 3348 transirent:
822 3306 887 3349 uno
908 3288 1036 3364 agmine
1055 3289 1162 3353 Canu-

69 3405 84 3448 5
105 3388 190 3451 sium
215 3387 364 3468 abit-uros
386 3407 464 3448 esse.
510 3387 596 3447 Eam
618 3386 817 3453 sententiam
842 3387 895 3447 alii
921 3394 1028 3449 totam
1053 3392 1162 3469 asper·

105 3487 193 3554 nari:
226 3507 282 3551 our
302 3487 389 3549 enim
408 3486 490 3560 illos,
513 3486 568 3565 qui
590 3505 623 3548 se
644 3492 821 3561 arcessant,
843 3486 930 3564 ipsos
952 3508 1017 3549 non
1039 3490 1169 3566 venire,'
