2496 3908
135 221 176 286 94
616 231 705 281 n1vr
981 229 1192 297 [aooxxxrr.

99 419 115 464 c
136 407 242 487 Scipio
264 408 443 487 imperator
464 406 668 486 praefuisset.
713 407 762 468 Ea
785 425 835 469 res
857 425 932 469 cum
954 405 1097 470 tribunis
1118 405 1193 470 acta

135 506 407 586 promulgataque
422 512 482 569 est.

100 615 115 662 ⁷
177 606 240 670 Sed
275 605 363 668 aliud
399 612 563 669 certamen
598 612 818 685 occupaverat
851 605 989 669 animos.
1033 605 1069 670 C.
1105 607 1194 670 Sem·

136 707 269 786 pronius
299 705 434 769 Blaesus
464 705 516 769 die
546 704 635 768 dicta
665 705 723 768 Cn.
755 705 910 769 Fulvium
939 706 982 770 ob
1012 707 1194 769 exercitum

137 806 170 867 in
194 805 312 885 Apulia
336 806 492 868 amissum
517 805 551 867 in
576 805 783 869 contionibus
807 805 962 882 vexabat,
987 805 1112 869 multos
1136 807 1194 868 im-

136 912 302 984 peratores
327 905 513 968 temeritate
539 911 640 984 atque
665 905 794 967 inscitia
819 905 1001 968 exercitum
1027 906 1061 966 in
1086 906 1195 968 locum

101 1005 348 1084 apraecipitem
375 1004 564 1084 perduxisse
591 1003 760 1081 dictitans,
788 1005 952 1068 neminem
978 1012 1111 1084 praeter
1136 1002 1193 1068 Cn.

137 1104 290 1167 Fulvium
318 1110 396 1167 ante
433 1104 611 1183 corrupisse
640 1104 791 1166 omnibus
819 1104 910 1167 vitiis
937 1103 1080 1183 legiones
1108 1124 1194 1181 suas,

138 1222 238 1284 quam
255 1203 416 1283 proderet.
462 1204 581 1282 Itaque
598 1223 673 1266 vere
691 1202 754 1265 dici
771 1223 866 1282 posse
883 1204 974 1283 prius
990 1223 1046 1267 eos
1062 1205 1195 1283 perisse,

138 1323 238 1383 quam
264 1302 412 1366 viderent
438 1302 577 1379 hostem,
605 1323 664 1365 nec
689 1303 732 1365 ab
759 1302 956 1379 Hannibale,
983 1303 1040 1366 sed
1067 1305 1110 1367 ab
1137 1305 1196 1366 im·

102 1410 287 1483 operatore
320 1423 379 1465 suo
413 1403 518 1466 victos
551 1422 630 1466 esse.
676 1403 858 1479 Neminem,
895 1421 970 1465 cum
1002 1404 1196 1483 suffragium

138 1503 237 1580 ineat,
266 1503 346 1566 satis
375 1522 513 1578 cernere,
543 1503 594 1564 cui
622 1502 806 1581 imperium,
836 1503 887 1564 cui
914 1503 1097 1566 exercitum
1124 1524 1196 1583 per-

138 1604 262 1666 mittat.
307 1602 393 1679 Quid
420 1603 604 1665 interfuisse
631 1603 716 1664 inter
742 1602 791 1663 Ti.
820 1602 1049 1681 Sempronium
1075 1609 1109 1666 et
1137 1603 1194 1666 Cn.

89 1719 117 1765 ιο
138 1703 315 1765 Fulvium?
357 1702 406 1764 Ti.
430 1703 669 1782 Sempronium,
694 1701 819 1764 cumei
842 1721 1011 1765 servorum
1033 1704 1197 1765 exercitus

136 1802 235 1866 datus
271 1810 364 1878 esset,
402 1801 493 1866 brevi
530 1801 671 1864 effecisse
703 1799 872 1880 disciplina
910 1809 1010 1882 atque
1047 1802 1195 1882 imperi0,

138 1909 176 1966 ut
199 1923 294 1965 nemo
317 1921 429 1965 eorum
452 1902 576 1980 generis
598 1921 636 1963 ac
660 1901 827 1979 sanguinis
850 1901 900 1963 sui
923 1921 1048 1963 memor
1071 1902 1104 1962 in
1128 1903 1197 1988 acie

138 2010 232 2078 esset,
261 2001 421 2082 praesidio
449 2001 552 2077 sociis,
581 2000 731 2063 hostibus
758 2001 873 2063 terrori
901 2007 1024 2077 essent;
1064 2001 1195 2077 Cumas,

139 2103 365 2165 Beneventum
392 2098 536 2180 alia‘sque
562 2101 659 2163 urbes
685 2120 740 2162 eos
766 2100 857 2162 velut
883 2120 900 2162 e
926 2100 1078 2163 faucibus
1104 2102 1196 2164 Han·

90 2214 117 2261 11
139 2202 255 2264 nibalis
287 2206 416 2280 ereptas
448 2199 569 2280 populo
603 2200 754 2262 Romano
787 2199 983 2261 restituisse:
1027 2199 1086 2262 Cn.
1120 2201 1196 2263 Ful·

139 2303 230 2363 vium
249 2300 425 2378 Quiritium
446 2300 671 2362 Romanorum
690 2299 881 2376 exercitum,
901 2299 1037 2362 honeste
1057 2301 1195 2378 genitos,

139 2400 314 2464 liberaliter
355 2400 512 2463 educatos
554 2399 725 2462 servilibus
767 2399 856 2462 vitiis
899 2399 1063 2462 imbuisse.
1109 2401 1197 2480 Ergo

139 2501 291 2575 effecisse,
321 2507 359 2562 ut
386 2500 509 2563 feroces
537 2505 570 2561 et
599 2498 737 2578 inquieti
766 2498 852 2561 inter
879 2499 993 2574 socios,
1023 2499 1134 2578 ignavi
1162 2507 1196 2563 et

140 2600 283 2663 imbelles
312 2599 397 2662 inter
427 2598 537 2662 hostes
567 2604 689 2674 essent
705 2618 764 2661 nec
795 2599 955 2678 impetum
986 2597 1084 2660 modo
1115 2597 1195 2659 Poe

90 2716 119 2761 12
140 2720 266 2776 norum,
285 2699 400 2762 sedne
419 2699 593 2761 clamorem
611 2698 744 2778 quidem
762 2699 921 2761 sustinere
939 2703 1082 2777 possent.
1129 2698 1196 2760 Nec

140 2800 268 2863 hercule
290 2799 408 2860 mirum
431 2818 499 2860 esse
522 2798 653 2861 cessisse
675 2797 794 2860 milites
817 2798 849 2858 in
872 2799 950 2874 acie,
975 2816 1049 2859 cum
1071 2797 1196 2876 primus

91 2914 119 2959 13
140 2900 286 2962 omnium
321 2899 498 2976 imperator
531 2897 673 2976 fugeret,
720 2897 823 2976 magis
858 2897 968 2958 mirari
1002 2917 1035 2959 se
1069 2897 1197 2976 aliquos

140 2999 259 3062 stantis
282 2998 442 3072 cecidisse,
465 3004 498 3059 et
520 3017 586 3058 non
608 3016 720 3058 omnes
743 2995 877 3058 comites
899 2997 956 3057 Cn.
980 2996 1076 3058 Fulvi
1097 2996 1197 3058 fuisse

140 3099 271 3178 pavoris
291 3118 329 3160 ac
349 3097 455 3176 fugae.
500 3096 534 3158 C.
557 3096 765 3170 Flaminium,
789 3096 824 3155 L.
848 3095 997 3171 Paulum,
1021 3096 1056 3156 L.
1079 3096 1197 3158 Postu·

141 3200 253 3273 mium,
273 3197 330 3260 Cn.
351 3217 389 3259 ac
408 3197 444 3258 P.
465 3196 630 3274 Scipiones
651 3193 764 3256 cadere
784 3194 816 3255 in
836 3195 904 3256 acie
924 3195 1076 3258 maluisse
1096 3215 1196 3274 quam

92 3313 120 3357 14
141 3299 285 3361 deserere
320 3298 558 3358 circumventos
591 3295 768 3357 exercitus:
814 3293 871 3356 Cn.
908 3294 1061 3356 Fulvium
1096 3315 1197 3374 prope

141 3418 243 3460 unum
260 3396 413 3458 nuntium
431 3395 528 3457 deleti
544 3394 706 3456 exercitus
723 3393 864 3455 Romam
882 3394 1010 3456 redisse.
1056 3395 1197 3456 Facinus

111 3550 116 3561 .
142 3497 311 3577 indignum
323 3514 402 3570 esse,
414 3494 617 3557 Cannensem
626 3492 816 3569 exercitum,
830 3493 919 3572 quod
931 3513 973 3555 ex
986 3494 1054 3556 acie
1066 3494 1195 3572 fugerit,
