2496 3908
89 254 194 304 cuivs.
207 252 249 314 33,
263 252 305 313 34,
319 253 376 319 36]
605 250 694 300 mur

88 428 220 490 insidiis
242 427 373 489 barbari
396 447 415 488 a
437 426 545 489 fronte
567 426 609 487 ab
632 432 723 504 tergo
747 425 849 488 coorti
872 367 1056 488 clrmmi'r'rlrs
1074 396 1158 487 emi-'¹

88 548 154 591 nus
173 533 305 607 petunt,
324 546 404 588 saxa
421 525 567 604 ingentia
584 526 617 586 in
635 544 752 603 agmen
771 524 963 587 devolvunt.
1008 524 1153 586 Maxima
1173 535 1187 582 r

89 627 134 690 ab
160 634 255 706 tergo
279 626 329 688 vis
353 625 524 688 hominum
549 626 696 704 urgebat.
742 625 861 688 ineos
885 644 978 688 versa
1003 624 1152 704 peditum

89 727 179 790 acies
202 726 292 788 haud
315 725 453 788 dubium
475 724 553 787 fecit
575 725 666 804 quin,
689 724 751 786 nisi
773 724 904 787 firmata
926 731 1075 788 extrema
1097 745 1152 804 ag-

91 827 192 889 minis
207 825 357 901 fuissent,
375 825 488 904 ingens
503 824 537 885 in
553 845 591 887 eo
608 824 695 887 saltu
712 825 901 905 accipienda
918 824 1025 887 clades
1040 825 1149 888 fuerit.

90 928 186 990 Tunc
210 944 341 1006 quoque
364 925 407 987 ad
428 931 614 987 extremum
636 924 769 1004 periculi
792 945 830 987 ac
853 945 953 1005 prope
976 925 1151 1005 perniciem
1171 942 1185 986 8

91 1033 235 1091 ventum
259 1032 320 1089 est.
365 1025 452 1086 Nam
478 1025 557 1087 dum
572 1032 759 1106 ‚cunctatur
785 1025 951 1087 Hannibal
979 1024 1150 1088 demittere

89 1146 213 1207 agmen
230 1127 264 1187 in
281 1125 459 1204 angustias,
478 1126 554 1204 quia
572 1144 648 1201 non,
666 1132 704 1188 ut
721 1126 789 1204 ipse
806 1125 972 1204 equitibus
990 1125 1149 1204 praesidio

89 1234 175 1303 erat,
195 1227 243 1289 ita
260 1225 426 1305 peditibus
443 1225 620 1304 quicquam
637 1226 680 1287 ab
698 1232 789 1304 tergo
806 1225 918 1287 auxilii
936 1225 1050 1305 reliqui
1067 1232 1148 1301 erat,
1170 1235 1185 1280 9

89 1332 310 1440 occursantes
318 1344 392 1427 per
389 1324 522 1404 obliqua
537 1325 686 1388 montani
701 1326 884 1404 interrupto
901 1325 1006 1389 medio
1021 1325 1149 1404 agmine

90 1429 184 1489 viam
198 1378 392 1500 insedere*ll
369 1444 500 1504 noxque
513 1446 580 1487 una
595 1425 810 1487 Hannibali
787 1446 855 1489 sine
869 1425 1035 1505 equitibus
1048 1433 1158 1506 atque
1225 1499 1227 1505 ,

90 1526 338 1607 impedimentis
363 1531 438 1587 acta
463 1531 523 1588 est.
568 1526 703 1589 Postero
729 1526 812 1588 die
805 1546 872 1587 ram
896 1526 1024 1606 segnius
1049 1527 1147 1590 inter·
1156 1539 1199 1589 35
1225 1506 1242 1587 Ὺ

92 1627 304 1692 cursantibus
323 1625 470 1687 barbaris
490 1624 620 1688 iunctae
642 1625 762 1704 copiae,
784 1625 951 1705 saltusque
971 1625 1060 1688 haud
1080 1627 1148 1689 sine

93 1728 198 1802 clade,
212 1726 332 1788 maiore
345 1732 457 1788 tamen
469 1725 691 1788 iumentorum
703 1744 804 1804 quam
815 1725 986 1787 hominum
998 1726 1147 1805 pernicie,

91 1832 279 1907 superatus
324 1826 405 1888 Inde
440 1825 588 1887 montani
622 1825 790 1904 pauciores
823 1825 889 1887 iam
922 1833 955 1889 et
988 1825 1184 1888 latrociniia

92 1927 200 2007 magis
224 1946 325 2006 quam
349 1925 423 2008 belli
449 1945 538 1988 more
564 1925 802 1988 concursabant
828 1926 925 1988 modo
949 1927 983 1987 in
1008 1927 1150 2005 primum

93 2027 195 2090 modo
214 2026 248 2087 in
266 2025 481 2087 novissimum
501 2045 628 2117 agmen,
648 2033 828 2104 utcumque
847 2032 906 2088 aut
924 2025 1014 2088 locus
1033 2047 1149 2105 oppor-

93 2127 276 2191 tunitatem
296 2126 389 2188 daret
409 2131 468 2187 aut
488 2106 645 2204 *piogressi
666 2125 826 2188 morative
846 2124 991 2204 aliquam
1011 2126 1150 2188 occasio-

92 2247 172 2290 nem
195 2226 358 2289 fecissent.
404 2224 580 2303 Elephanti
606 2217 697 2287 sicut*
712 2245 769 2303 per
788 2231 877 2287 artas
892 2227 1150 2306 praecipitesque
1170 2248 1185 2292 a

93 2327 167 2389 vias
198 2345 317 2404 magna
348 2344 439 2386 mora
470 2324 662 2403 agebantur,
694 2324 742 2387 ita
773 2331 885 2387 tutum
916 2326 958 2387 ab
989 2325 1148 2402 hostibus

94 2444 304 2507 quacumque
335 2424 533 2498 incederent,
567 2425 644 2503 quia
675 2424 812 2487 insuetis
844 2425 985 2488 adeundi
1018 2426 1150 2505 propius

94 2533 204 2589 metus
227 2531 309 2598 erat,
334 2543 451 2602 agmen
475 2524 687 2602 praebebant.

138 2626 235 2687 Nono
259 2625 311 2687 die
335 2623 369 2685 in
393 2623 506 2702 iugum
530 2622 663 2703 Alpium
688 2632 884 2704 perventum
907 2632 957 2689 est
982 2646 1039 2705 per
1061 2625 1150 2687 invia
1170 2644 1185 2687 4

95 2725 251 2805 pleraque
273 2731 308 2787 et
330 2743 463 2798 errores,
487 2743 570 2803 quos
593 2731 652 2787 aut
676 2724 867 2787 ducentium
889 2726 979 2788 fraus
1002 2733 1070 2805 aut,
1091 2725 1168 2811 ubl..
1230 2718 1233 2723 ’

96 2825 176 2888 fides
197 2823 236 2885 iis
257 2842 323 2885 non
344 2829 439 2897 esset,
462 2829 583 2885 temere
604 2822 706 2887 initae
727 2824 828 2887 valles
850 2846 869 2886 a
892 2816 1151 2887 coniectantibus

95 2924 157 2987 iter
174 2923 352 2986 faciebant.
398 2922 542 2984 Biduum
560 2922 594 2983 in
613 2923 688 3002 iugo
707 2912 831 2986 stativa
850 2924 974 3000 habita,
995 2925 1151 3004 fessisque
1171 2941 1186 2985 6

95 3023 206 3086 labore
233 3043 271 3084 ac
298 3022 475 3101 pugnando
502 3023 594 3101 quies
621 3023 700 3085 data
728 3022 886 3086 militibus
893 3046 901 3101 3
939 3025 1151 3103 iumentaque

96 3124 232 3203 aliquot,
255 3142 339 3202 quae
360 3121 565 3201 prolapsam
586 3123 722 3201 rupibus
741 3131 846 3199 erant,
867 3117 1032 3203 sequendo
1053 3122 1151 3186 vesti·

96 3224 147 3302 gia
165 3222 305 3301 agminis
322 3222 356 3282 in
368 3229 481 3314 castra
500 3241 685 3345 pervenere.
730 3223 835 3285 Fessis
853 3223 995 3286 taediot
981 3229 1032 3286 tot
1051 3223 1185 3285 malo-6

96 3342 168 3385 rum
177 3302 332 3391 lnrvrs
297 3309 398 3384 etiam
421 3309 525 3383 casus
520 3320 732 3399 bccidente
725 3342 791 3383 ram
813 3322 915 3385 sidere
938 3322 1151 3402 Vergiliarum

95 3421 264 3502 ingentem
281 3427 436 3483 terrorem
454 3420 583 3483 adiecit
629 3422 691 3484 Per
707 3422 817 3483 omnia
834 3423 909 3484 nive
927 3423 1060 3501 oppleta
1078 3442 1152 3484 cum
1172 3433 1186 3479 6

80 3521 194 3679 ksignis
218 3519 472 3637 primaJuce
441 3520 540 3582 motis
563 3521 705 3599 segniter
728 3541 845 3600 agmen
869 3523 1032 3640 incederet
1056 3522 1152 3600 pigri-

153 3613 227 3647 0³»
236 3612 261 3675 (ς
299 3617 320 3657 a»
