2496 3908
92 238 197 292 eules.
213 241 255 301 aa,
270 241 310 302 39,
325 241 382 306 m]
584 242 673 291 Livr
1110 235 1150 296 39

92 418 203 481 cultus
222 437 264 479 ex
283 415 404 478 inluvie
424 417 566 500 tabeque
585 417 735 497 squalida
754 426 787 482 et
808 439 908 498 prope
926 419 1063 483 efferata
1084 441 1150 482 cor-

91 539 173 598 pora
195 516 286 579 varie
306 516 472 578 movebat.
518 517 566 578 Ea
588 518 623 579 P.
645 518 792 580 Cornelio
814 519 936 582 consuli
959 540 1055 582 causa
1075 521 1149 596 fuit,
1171 537 1186 581 3

92 638 169 680 cum
191 617 283 678 Pisas
303 616 444 677 navibus
465 617 617 692 venisset,
638 618 783 680 exercitu
803 638 823 679 a
844 619 965 682 Manlio
986 621 1150 701 Atilioque

91 724 231 796 accepto
254 716 359 779 tirone
380 723 413 778 et
434 717 467 776 in
489 717 583 778 novis
604 717 788 796 ignominiis
810 720 938 798 trepido
960 721 1002 782 ad
1023 721 1151 783 Padum
1188 711 1191 717 ¹

91 816 285 892 festinandi,
310 823 347 879 ut
372 837 446 878 cum
470 817 563 879 hoste
586 817 734 880 nondum
758 819 878 881 refecto
903 840 1018 882 manus
1043 842 1151 884 conse-

92 925 190 982 reret.
236 917 300 980 Sed
319 937 393 978 cum
410 916 613 978 Placentiam
632 919 742 980 consul
761 920 862 994 venit,
880 921 947 981 iam
963 941 1004 983 ex
1021 922 1151 983 stativis
1171 935 1186 977 4

91 1024 246 1081 moverat
273 1016 439 1078 Hannibal
465 1016 747 1097 Taurinorumque
774 1038 874 1080 unam
899 1020 1024 1096 urbem,
1053 1027 1152 1100 caput

90 1118 201 1197 gentis
219 1118 299 1191 eiuS,
318 1117 396 1196 quia
414 1117 561 1179 volentes
579 1118 612 1177 in
631 1119 810 1180 amicitiam
828 1140 893 1181 non
913 1120 1099 1196 veniebant,
1119 1121 1151 1181 vi

89 1223 317 1298 expugnarat,
336 1238 373 1279 ac
391 1216 550 1279 iunxisset
571 1217 631 1278 sibi
656 1238 721 1280 non
745 1226 834 1281 metu
857 1219 962 1281 solum
979 1220 1152 1283 sedetiam
1172 1240 1186 1282 5

89 1318 269 1380 voluntate
297 1316 406 1379 Gallos
434 1317 560 1397 accolas
588 1317 679 1394 Padi,
708 1319 741 1378 ni
769 1339 823 1381 eos
852 1320 1152 1398 circumspectantis

90 1417 288 1481 defectionis
317 1424 447 1495 tempus
475 1417 585 1479 subito
614 1418 761 1480 adventu
790 1420 900 1481 consul
929 1420 1151 1498 oppressisset.

91 1519 137 1580 Et
162 1516 330 1578 Hannibal
354 1517 459 1579 movit
480 1537 522 1580 ex
543 1518 703 1593 Taurinis
726 1518 877 1594 incertos,
901 1539 985 1598 quae
1008 1540 1082 1598 pars
1104 1539 1152 1583 se·
1172 1537 1187 1581 6

91 1616 228 1697 quenda
257 1624 352 1691 esset,
382 1616 493 1679 Gallos
523 1625 727 1695 praesentem
756 1625 924 1680 secuturos
952 1639 1020 1681 esse
1050 1626 1150 1681 ratus.

92 1718 168 1779 Iam
191 1736 292 1796 prope
314 1717 347 1776 in
370 1723 546 1794 conspectu
568 1724 661 1778 erant
683 1719 844 1780 exercitus
867 1726 1152 1798 convenerantque

92 1818 195 1879 duces
215 1816 310 1878 sicuti
329 1817 416 1878 inter
434 1837 467 1878 se
486 1817 634 1878 nondum
653 1817 732 1879 satis
751 1818 832 1892 noti,
852 1818 900 1879 ita
919 1819 985 1879 iam
1004 1818 1150 1880 imbutus

90 1924 233 1996 uterque
256 1916 400 1994 quadam
421 1916 638 1978 admiratione
659 1907 802 1980 alterius
848 1918 933 1978 Nam
956 1919 1150 1980 Hannibalis
1171 1934 1184 1978 a

88 2025 126 2084 et
149 2016 241 2094 apud
263 2015 431 2077 Romanos
452 2016 518 2076 iam
541 2023 618 2077 ante
640 2016 777 2094 Sagunti
800 2017 963 2079 excidium
986 2017 1150 2080 celeberri-

92 2136 186 2178 mum
207 2135 327 2187 nomen
348 2122 429 2190 erat,
451 2121 485 2177 et
506 2115 691 2193 Scipionem
713 2116 878 2178 Hannibal
900 2137 937 2179 eo
959 2119 1039 2195 ipso,
1062 2119 1150 2196 quod

92 2216 252 2278 adversus
280 2234 313 2276 se
342 2215 410 2276 dux
438 2215 645 2292 potissimum
673 2215 776 2277 lectus
803 2223 898 2290 esset,
928 2224 1151 2294 praestantem

92 2316 203 2377 virum
224 2314 377 2377 credebat
385 2335 393 2390 ;
423 2321 457 2376 et
478 2321 638 2376 auxerant
658 2315 743 2377 inter
762 2335 795 2376 se
815 2307 1010 2393 opinionem,
1031 2317 1150 2395 Scipio,
1172 2334 1187 2377 c

92 2415 194 2495 quod,
218 2415 349 2477 relictus
370 2414 404 2475 in
426 2405 544 2488 Gallia,
568 2414 685 2475 obvius
706 2414 814 2476 fuerat
836 2416 869 2476 in
893 2415 1025 2477 ltaliam
1047 2410 1154 2478 trans.

91 2535 201 2594 gresso
229 2513 418 2589 Hannibali,
436 2513 602 2575 Hannibal
629 2521 662 2576 et
690 2522 809 2577 conatu
836 2522 906 2576 tam
932 2517 1048 2578 audaci
1075 2518 1152 2578 trai-

93 2610 284 2677 ciendarum
301 2613 434 2692 Alpium
450 2621 484 2676 et
501 2613 631 2676 effectu.

135 2713 321 2792 Occupavit
337 2719 448 2775 tamen
464 2713 572 2791 Scipio
588 2714 717 2775 Padum
733 2716 877 2790 traicere,
894 2722 928 2778 et
944 2717 986 2778 ad
1001 2716 1152 2778 Ticinum
1173 2730 1201 2775 10

92 2833 225 2876 amnem
247 2814 345 2875 motis
368 2815 492 2889 eastris,
516 2814 707 2894 priusquam
728 2816 880 2878 educeret
902 2817 935 2876 in
957 2817 1070 2892 aciem,
1094 2817 1150 2879 ad-

92 2912 332 2976 hortandorum
349 2913 491 2976 militurn
508 2934 604 2975 causa
621 2914 722 2976 talem
738 2917 919 2977 orationem
935 2924 984 2978 est
1000 2903 1150 2979 exorsus:

92 3014 141 3075 ‘Si
160 3033 238 3075 eum
257 3013 448 3088 exercitum,
470 3012 599 3088 milites,
619 3014 791 3076 educerem
810 3016 843 3074 in
863 3017 976 3090 aciem,
998 3035 1096 3094 quem
1116 3018 1148 3077 in
1158 3025 1200 3073 40

92 3111 198 3174 Gallia
215 3132 344 3175 mecum
360 3113 471 3187 habui,
489 3114 741 3191 supersedissem
757 3114 844 3193 loqui
862 3116 950 3193 apud
967 3136 1040 3191 vos;
1070 3117 1149 3194 quid
1172 3127 1185 3169 2

91 3213 178 3274 enim
205 3211 374 3274 adhortari
402 3213 535 3275 referret
561 3220 620 3274 aut
646 3233 700 3275 eos
727 3215 853 3291 equites
880 3216 936 3292 qui
963 3216 1150 3294 equitatum

92 3311 238 3374 hostium
258 3311 302 3373 ad
324 3310 523 3373 Rhodanum
544 3313 664 3374 flumen
685 3314 809 3389 egregie
831 3314 994 3388 vicissent,
1017 3322 1075 3376 aut
1096 3336 1150 3376 eas

91 3409 232 3490 legiones
252 3431 328 3473 cum
346 3411 465 3489 quibus
483 3411 664 3489 fugientem
682 3412 768 3472 hunc
788 3413 895 3491 ipsum
914 3414 1042 3475 hostem
1061 3435 1150 3476 secu-

93 3516 144 3573 tus
168 3510 407 3573 confessionem
432 3511 575 3573 cedentis
596 3531 633 3573 ac
659 3512 875 3574 detractantis
902 3521 1066 3575 certamen
1093 3535 1149 3591 pro
