2496 3908
121 247 184 312 138
603 258 691 308 nivr
980 258 1077 324 [soon
1091 260 1178 309 xxx.

71 453 99 497 14
121 435 263 516 equestri
299 435 430 497 auxilio
476 436 604 498 Paucae
638 442 751 498 tamen
784 435 964 498 bestiarum
999 435 1182 514 intrepidae

121 535 155 596 in
180 535 309 598 hostem
334 541 428 598 actae
453 536 538 598 inter
561 535 700 597 velitum
725 535 853 598 ordines
879 554 953 596 cum
978 535 1092 598 multis
1117 536 1182 598 suis

71 651 99 696 15
120 635 308 698 vulneribus
329 635 494 713 ingentem
514 641 657 712 stragem
677 634 829 697 edebant.
878 633 1073 698 Resilientes
1095 636 1182 697 enim

120 735 163 797 ad
180 735 366 813 manipulos
382 735 507 810 velites,
528 754 602 797 oum
619 735 708 796 viam
725 734 918 812 elephantis,
937 754 978 796 ne
996 735 1180 798 obtereren-

121 841 184 910 tur,
203 835 365 910 fecissent,
384 835 418 895 in
434 834 593 912 ancipites
610 834 653 896 ad
670 834 773 896 ictum
790 835 956 913 utrimque
974 834 1180 897 coniciebant

72 951 99 995 16
121 934 242 1010 hastas,
260 953 319 996 neo
336 933 401 1012 pila
417 934 459 995 ab
476 934 698 1011 antesignanis
715 933 897 1009 cessabant,
915 933 1019 996 donec
1035 934 1180 1014 undique

121 1033 340 1096 incidentibus
354 1033 426 1095 telis
440 1034 548 1095 exacti
562 1053 603 1095 ex
616 1032 768 1094 Romana
782 1033 850 1094 acie
864 1032 898 1093 hi
912 1052 1044 1112 quoque
1058 1034 1093 1094 in
1106 1053 1180 1096 suos

121 1133 275 1196 dextrum
299 1152 408 1209 cornu,
434 1133 520 1211 ipsos
543 1132 826 1210 Carthaginienses
849 1133 986 1211 equites,
1011 1133 1045 1193 in
1067 1133 1180 1213 fugam

121 1239 301 1299 verterunt.
347 1233 475 1295 Laelius
511 1239 549 1295 ut
585 1233 737 1295 turbatos
773 1232 858 1294 vidit
894 1232 1014 1308 hostes,
1052 1233 1180 1295 addidit

122 1332 276 1411 perculsis
296 1339 461 1395 terrorem.

72 1446 114 1494 34
167 1432 340 1512 Utrimque
379 1432 505 1494 nudata
545 1433 657 1512 equite
698 1437 769 1494 erat
811 1431 935 1494 Punica
972 1432 1069 1509 acies,
1108 1453 1181 1496 cum

123 1532 221 1610 pedes
248 1532 419 1607 concurrit,
446 1551 504 1593 nec
528 1550 585 1610 spe
609 1551 667 1593 nec
691 1531 816 1594 viribus
840 1532 906 1592 iam
930 1551 999 1610 par.
1044 1532 1098 1594 Ad
1121 1532 1181 1594 hoc

123 1632 213 1694 dictu
236 1652 349 1710 parva,
372 1631 428 1693 sed
450 1651 569 1709 magna
590 1631 705 1693 eadem
726 1631 759 1691 in
781 1651 814 1693 re
835 1631 975 1709 gerenda
996 1638 1180 1695 momenta:

123 1751 301 1810 congruens
322 1731 503 1792 clamor'ab
522 1730 681 1793 Romanis
699 1750 803 1810 eoque
821 1731 926 1792 maior
943 1737 977 1793 et
997 1732 1178 1808 terribilior,

122 1832 270 1894 dissonae
314 1831 384 1907 illis,
428 1837 466 1893 ut
508 1830 655 1909 gentium
697 1830 877 1893 multarum
919 1830 1181 1910 discrepantibus

87 1944 101 1988 a
121 1932 248 2012 linguis,
265 1951 376 2007 voces;
405 1950 514 2009 pugna
531 1930 682 1992 Romana
700 1930 826 1992 stabilis
842 1937 876 1992 et
892 1949 950 1992 suo
966 1937 1000 1993 et
1015 1951 1181 1994 armorum

122 2031 264 2110 pondere
277 2030 536 2093 incumbentium
550 2031 582 2091 in
596 2030 734 2106 hostem,
750 2031 956 2094 concursatio
979 2038 1013 2094 et
1024 2031 1181 2095 velocitas

87 2132 208 2193 aillinc
240 2131 343 2192 maior
373 2150 473 2209 quam
495 2130 554 2192 vis.
594 2131 701 2209 Igitur
722 2131 840 2209 primo,
859 2131 985 2210 impetu
1014 2132 1181 2211 extemplo

123 2251 253 2293 movere
285 2230 357 2292 loco
391 2230 535 2293 hostiurn
569 2231 672 2292 aciem
705 2230 857 2293 Romani.
903 2231 964 2293 Ala
998 2231 1117 2304 deinde
1149 2238 1181 2294 et

123 2330 320 2393 umbonibus
353 2330 530 2408 pulsantes,
565 2331 597 2391 in
629 2337 811 2393 summotos
850 2331 953 2409 gradu
991 2331 1092 2408 illato,
1126 2332 1181 2394 ali-

124 2437 286 2511 quantum
300 2430 397 2508 spatii
413 2430 503 2492 velut
518 2431 606 2492 nullo
623 2432 792 2493 resistente
808 2432 974 2507 incessere,
990 2427 1184 2512 urgentibus

88 2547 102 2589 4
124 2538 157 2594 et
171 2531 354 2592 novissimis
368 2531 499 2608 primos,
515 2537 553 2592 ut
568 2531 665 2592 semel
682 2538 808 2592 motam
823 2532 925 2594 aciem
940 2551 1077 2608 sensere,
1093 2531 1181 2611 quod

43 2619 46 2624 ⁴
125 2632 231 2709 ipsum
268 2631 335 2691 vim
371 2650 524 2708 magnam
561 2631 603 2692 ad
640 2631 826 2709 pellendum
862 2632 990 2695 hostem
1026 2633 1180 2695 addebat.

89 2753 104 2797 5
125 2730 222 2809 Apud
248 2729 357 2791 hostes
384 2730 556 2792 auxiliares
584 2732 734 2794 cedentes
761 2733 904 2795 secunda
930 2733 1024 2808 acies,
1052 2733 1124 2794 Afri
1149 2738 1182 2795 et

125 2830 415 2908 Carthaginienses,
439 2829 521 2892 adeo
544 2851 609 2892 non
632 2833 850 2909 sustinebant,
874 2840 912 2895 ut
935 2839 1048 2895 contra
1071 2834 1181 2907 etiam,

126 2950 166 2992 ne
193 2931 377 2993 resistentes
404 2931 616 3009 pertinaciter
641 2933 763 3011 primos
792 2933 955 2996 caedendo
982 2934 1025 2996 ad
1052 2954 1086 2996 se
1113 2953 1181 3012 per-

91 3050 106 3094 6
127 3030 251 3092 veniret
276 3029 387 3106 hostis,
413 3031 530 3108 pedem
555 3031 721 3094 referrent.
767 3033 873 3110 Igitur
895 3034 1069 3096 auxiliares
1093 3040 1182 3112 terga

127 3130 208 3192 dant
223 3136 365 3208 repente,
380 3137 413 3192 et
429 3132 462 3190 in
476 3151 551 3192 suos
566 3132 650 3193 versi
664 3133 786 3211 partim
801 3133 945 3212 refugere
960 3135 992 3195 in
1006 3135 1182 3197 secundam

128 3231 240 3305 aciem,
263 3230 384 3307 partim
406 3250 472 3291 non
494 3231 684 3308 recipientes
707 3232 849 3307 caedere,
872 3240 910 3295 ut
931 3240 964 3295 et
985 3235 1085 3313 paulo
1107 3241 1183 3297 ante

93 3351 107 3396 r
129 3350 194 3392 non
214 3330 318 3391 adiuti
338 3336 371 3391 et
392 3337 470 3391 tunc
490 3330 621 3392 exclusi.
667 3331 711 3392 Et
730 3352 831 3409 prope
850 3333 916 3394 duo
936 3334 1001 3395 iam
1020 3337 1183 3414 permixta

130 3429 250 3509 proelia
284 3436 387 3504 erant,
424 3449 497 3490 cum
531 3429 812 3508 Carthaginienses
845 3432 940 3494 simul
977 3454 1050 3495 cum
1085 3435 1183 3498 hosti-

130 3531 201 3606 buS,
226 3529 320 3592 simul
347 3549 420 3590 cum
444 3529 510 3590 suis
535 3535 725 3606 cogerentur
748 3549 865 3592 manus
890 3551 1064 3596 conserere.
1111 3535 1183 3597 Non
