2496 3908
139 222 158 286 8
618 236 710 286 mvr
1012 239 1198 304 [nooaxxr

137 408 269 486 bellurn,
292 410 504 490 pluribusque
531 412 691 490 partibus,
715 413 772 473 vix
798 413 1034 491 accipientibus
1062 415 1198 494 quibus-

137 507 214 570 dam
238 529 336 588 opera
359 510 447 586 locis,
473 512 586 574 vineae
611 518 745 591 coeptae
768 513 820 591 agi
844 512 1078 593 admoverique
1102 517 1196 579 aries.

101 607 340 672 aAbundabat
367 610 580 673 multitudine
608 611 778 674 hominum
806 613 935 675 Poenus
942 634 950 690 ;
991 613 1033 675 ad
1062 622 1197 678 centurn

137 707 377 788 quinquaginta
412 711 500 771 milia
535 710 687 773 habuisse
721 712 755 773 in
789 712 888 774 armis
922 712 1002 776 satis
1038 714 1196 793 creditur;

100 825 115 869 4
136 808 292 887 oppidani
319 809 362 871 ad
389 811 498 871 omnia
525 811 648 872 tuenda
674 818 775 890 atque
801 812 953 874 obeunda
980 813 1198 877 multifariam

100 907 282 971 odistineri
310 910 416 988 coepti
444 929 509 970 non
536 911 751 973 sufficiebant.
796 912 916 990 Itaque
942 912 1009 973 iam
1035 911 1197 976 ferieban-

136 1014 192 1070 tur
219 1009 376 1071 arietibus
407 1010 491 1071 muri
521 1017 761 1090 quassataeque
791 1011 915 1074 multae
945 1018 1056 1090 partes
1085 1020 1197 1090 erant;

135 1128 201 1170 una
230 1109 474 1171 continentibus
502 1111 602 1171 ruinis
629 1111 814 1173 nudaverat
842 1112 973 1174 urbem:
1012 1119 1079 1175 tres
1106 1113 1197 1176 dein·

137 1228 211 1287 ceps
238 1213 342 1270 turres
371 1214 599 1288 quantumque
626 1211 792 1272 intereas
819 1212 903 1272 muri
931 1217 1002 1273 erat
1030 1232 1105 1274 cum
1132 1214 1197 1275 fra·

100 1327 211 1386 sgore
243 1309 367 1386 ingenti
401 1308 618 1386 prociderant.
663 1310 806 1389 Captum
839 1311 998 1390 oppidum
1030 1332 1068 1374 ea
1102 1313 1224 1375 ruina*

50 1422 57 1438 ’
137 1407 340 1471 crediderant
363 1409 473 1484 Poeni,
498 1428 574 1487 qua,
597 1409 688 1481 velut
710 1411 739 1472 si
759 1411 882 1489 pariter
903 1417 1061 1490 utrosque
1083 1432 1197 1475 murus

101 1519 114 1564 r
136 1509 280 1584 texisset,
304 1509 351 1570 ita
374 1508 541 1587 utrimque
564 1509 596 1569 in
619 1528 764 1588 pugnam
786 1530 978 1589 procursum
1001 1517 1061 1573 est.
1107 1511 1196 1574 Nihil

136 1608 370 1671 tumultuariae
396 1628 524 1686 pugnae
549 1608 652 1670 simile
676 1616 757 1685 erat,
783 1609 895 1688 quales
920 1611 953 1670 in
978 1613 1196 1689 oppugnatio-

135 1708 231 1770 nibus
266 1708 397 1770 urbium
433 1728 491 1786 per
525 1708 729 1770 occasionem
764 1710 867 1787 partis
902 1709 1037 1772 alterius
1072 1711 1196 1773 conseri

136 1808 250 1883 solent,
272 1807 327 1870 sed
349 1809 454 1869 iustae
475 1808 560 1869 acies
581 1807 672 1869 velut
692 1809 820 1887 patenti
843 1829 959 1887 campo
980 1809 1066 1871 inter
1085 1810 1196 1872 ruinas

136 1908 219 1969 muri
239 1914 392 1988 tectaque
412 1907 501 1969 urbis
521 1907 649 1968 modico
669 1907 827 1969 distantia
848 1908 1021 1970 intervallo
1042 1909 1195 1972 constite-

100 2014 220 2070 8rant.
266 2008 351 2069 Hinc
373 2027 455 2085 spes,
481 2006 554 2068 hinc
578 2007 771 2085 desperatio
791 2008 917 2069 animos
945 2008 1062 2084 irritat,
1086 2009 1195 2071 Poeno

137 2108 257 2186 cepisse
286 2108 352 2169 iam
380 2127 413 2169 se
443 2107 567 2182 urbem,
598 2107 625 2169 si
654 2106 790 2186 paulum
819 2107 1000 2182 adnitatur,
1032 2107 1193 2185 credente,

136 2208 324 2287 Saguntinis
353 2227 411 2286 pro
439 2207 566 2270 nudata
595 2207 765 2268 moenibus
794 2208 901 2285 patria
931 2226 1065 2285 corpora
1094 2227 1195 2287 oppo-

137 2308 290 2371 nentibus
314 2328 372 2370 nec
396 2307 462 2368 ullo
486 2307 603 2386 pedem
629 2307 797 2381 referente,
824 2326 863 2367 ne
888 2307 920 2366 in
945 2307 1093 2374 relictum
1118 2328 1137 2369 a
1161 2328 1195 2370 se

101 2408 243 2493 alocum
267 2408 393 2470 hostem
423 2407 625 2469 immitteret.
672 2407 790 2485 Itaque
822 2425 887 2484 quo
919 2407 1024 2467 acrius
1054 2414 1088 2468 et
1121 2427 1195 2469 con-

136 2510 245 2572 fertim
276 2509 378 2587 magis
407 2508 573 2587 utrimque
605 2508 807 2586 pugnabant,
839 2528 877 2568 eo
908 2507 1015 2586 plures
1045 2509 1194 2571 vulnera-

137 2610 258 2672 bantur
285 2608 374 2669 nullo
402 2608 487 2670 inter
515 2628 606 2669 arma
636 2627 836 2686 corporaque
865 2627 950 2668 vano
980 2608 1194 2670 intercidente

87 2725 115 2771 10
137 2708 211 2773 telo.
258 2708 426 2770 Phalarica
462 2714 532 2770 erat
568 2708 757 2785 Saguntinis
793 2707 912 2768 missile
947 2708 1049 2768 telum
1085 2706 1194 2769 hastili

137 2809 273 2888 abiegno
291 2815 324 2870 et
343 2814 449 2870 cetera
470 2807 565 2870 tereti
584 2814 815 2886 praeterquam
833 2807 875 2868 ad
893 2812 1087 2881 extremum,
1107 2807 1194 2870 unde

87 2956 90 2968 .
137 2911 257 2972 ferrum
272 2907 441 2982 exstabat;
466 2907 509 2982 id,
530 2908 614 2968 sicut
633 2908 666 2967 in
685 2907 760 2985 pilo,
777 2906 977 2984 quadratum
995 2913 1117 2985 stuppa
1136 2908 1194 2969 cir-

88 3025 114 3073 11
138 3009 359 3087 cumligabant
376 3007 588 3086 linebantque
603 3007 673 3085 pice
681 3027 689 3082 ;
715 3007 837 3067 ferrum
852 3012 964 3067 autem
979 3012 1044 3067 tres
1059 3006 1193 3083 longum

138 3108 281 3171 habebat
304 3107 412 3186 pedes,
438 3113 476 3168 ut
501 3126 575 3168 cum
598 3106 696 3167 armis
720 3106 908 3183 transfigere
932 3125 1048 3183 corpus
1071 3113 1191 3184 posset.

137 3208 200 3273 Sed
215 3208 248 3270 id
264 3208 416 3281 maxime,
433 3207 533 3269 etiam
548 3206 574 3267 si
591 3205 745 3267 haesisset
761 3206 793 3264 in
809 3211 902 3266 scuto
917 3225 975 3266 nec
991 3211 1193 3284 penetrasset

88 3326 115 3373 12
138 3309 169 3370 in
184 3327 310 3387 corpuS,
325 3327 480 3386 pavorem
494 3306 646 3379 faciebat,
662 3305 760 3384 quod,
776 3324 850 3366 cum
864 3304 1008 3366 medium
1021 3324 1193 3367 accensum

137 3409 325 3471 mitteretur
362 3412 621 3485 conceptumque
658 3405 727 3483 ipso
765 3410 858 3465 motu
895 3404 1003 3466 multo¹
1037 3404 1192 3466 maiorem

138 3510 245 3589 ignem
262 3508 371 3582 ferret,
390 3525 481 3568 arma
498 3505 608 3569 omitti
624 3503 763 3585 cogebat
786 3502 979 3583 nudumque
996 3503 1134 3566 militem
1150 3504 1193 3566 ad

1004 3682 1029 3719 Α
