2496 3908
141 245 182 306 32
622 258 712 308 nrvr
798 242 800 246 ‘
1012 259 1189 324 [uooxxxr.

89 452 131 499 32
183 433 218 492 P.
240 432 406 495 Cornelius
426 433 537 506 consul
558 433 671 538 tridnq
688 433 754 496 fera
773 440 849 512 post
869 453 970 514 quarn
991 436 1159 499 Hannibal
1177 457 1192 497 a

141 531 210 609 ripa
229 531 382 593 Rhodani
401 496 700 611 movit'ldldbdl‘ato
719 534 859 612 agminel
866 534 909 596 ad
929 541 1036 597 castra
1056 535 1193 598 hostium

104 637 284 706 evenerat,
319 633 442 693 nullam
475 632 652 694 dimicandi
685 627 810 694 mo'ram
842 633 1000 696 facturus
1045 633 1192 698 Ceterum

139 730 195 792 ubi
216 731 344 792 deserta
365 732 569 793 munimenta
591 751 649 793 nec
669 732 764 794 facile
785 752 818 795 se
839 739 972 795 tantum
993 753 1193 813 praegressos

139 830 371 892 adsecuturum
387 831 487 906 videt,
505 831 547 892 ad
568 850 657 893 mare
674 852 710 893 ac
732 851 833 894 naves
852 831 957 907 rediit,
974 832 1082 895 tutius
1100 834 1196 895 facili·

139 949 241 1009 usque
264 930 311 992 ita
334 930 543 992 descendenti
566 930 608 992 ab
631 931 769 1008 Alpibus
792 931 971 993 Hannibali
994 951 1193 995 occursurus.
1237 974 1239 979 ,

103 1041 118 1084 3
139 1030 187 1091 Ne
211 1037 322 1093 tamen
346 1030 434 1091 nuda
458 1030 586 1091 auxiliis
610 1030 768 1092 Romanis
792 1031 952 1110 Hispania
975 1039 1071 1108 esset,
1097 1052 1195 1113 quam

138 1130 340 1208 provinciam
371 1090 616 1204 sbrffldffirat,
649 1130 706 1191 Cn.
738 1130 923 1209 Scipionem
953 1131 1091 1194 fratrem
1124 1152 1194 1196 cum

138 1230 282 1292 maxima
312 1236 406 1308 parte
437 1229 604 1309 copiarum
635 1230 792 1293 adversus
823 1231 1067 1294 Hasdrubalem
1098 1233 1196 1309 misit,

101 1344 116 1386 4
138 1350 202 1392 non
222 1330 264 1392 ad
284 1330 424 1392 tuendos
442 1330 675 1392 tantummodo
694 1336 820 1392 veteres
838 1331 942 1392 socios
962 1332 1195 1396 conciliandos·

138 1450 200 1509 que
229 1450 331 1492 novos
360 1429 416 1492 scd
444 1429 545 1492 etiam
573 1429 614 1506 ad
644 1429 830 1509 pellendum
859 1422 1020 1509 Hispania
1050 1432 1196 1494 Hasdru-

101 1529 254 1591 5balem.
300 1531 374 1609 Ipse
414 1549 488 1591 curn
527 1494 706 1590 adfnbdum
744 1530 868 1608 exiguis
908 1531 1008 1608 copiis
1047 1530 1196 1594 Genuam

138 1630 266 1707 repetit,
290 1649 339 1704 eo,
363 1629 525 1714 quicirca
548 1628 675 1690 Padum
698 1635 768 1691 erat
790 1629 962 1705 exercituo,
986 1630 1121 1692 Italiam
1144 1612 1239 1714 de-(a

136 1729 294 1790 sensurus.
692 1777 698 1791 ..
729 1794 776 1827 o
1224 1706 1239 1750 θ

100 1840 115 1883 6
179 1829 344 1890 Hannibal
375 1828 417 1890 ab
440 1829 606 1891 Druentia
627 1793 810 1907 bdffiib‘stri
839 1830 981 1891 maxime
1010 1801 1131 1898 itinerd,
1155 1831 1196 1893 ad

137 1928 227 2006 Alpis
249 1947 322 1989 cum
343 1929 429 2010 bona
451 1948 530 2006 pace
551 1928 763 1990 incolentium
784 1948 822 1990 ea
843 1929 913 1990 loca
934 1928 1104 1991 Gallorum
1126 1951 1195 2009 per-

101 2029 236 2089 rvenit.
259 2104 261 2110 Ι
281 2028 376 2101 Tum,
411 2047 614 2107 quamquam
648 2015 737 2089 fama
771 2028 870 2105 prius
906 2047 971 2107 qua
1005 2028 1131 2092 incerta
1165 2031 1197 2090 in

137 2128 241 2188 maius
270 2147 346 2188 vero
374 2127 449 2188 ferri
478 2128 592 2202 solent,
623 2133 799 2206 praecepta
828 2148 876 2189 res
904 2133 985 2202 erat,
1016 2134 1129 2190 tamen
1157 2150 1197 2191 ex

136 2227 319 2306 propinquo
344 2227 416 2289 visa
442 2227 605 2311 montium
631 2227 773 2288 altitudo
801 2228 957 2305 nivesque
984 2228 1072 2290 caelo
1097 2249 1197 2308 prope

137 2328 313 2402 immixtae,
344 2302 432 2389 tilla
460 2299 611 2389 iril'd'imia
647 2328 799 2406 imposita
827 2327 972 2406 rupibus,
1001 2347 1120 2406 pecora
1153 2329 1197 2390 iu-

136 2434 312 2506 mentaque
346 2428 468 2489 torrida
501 2428 629 2507 frigore,
667 2427 813 2490 homines
848 2428 968 2489 intonsi
1002 2433 1035 2490 et
1070 2427 1195 2503 inculti,

136 2526 288 2588 animalia
319 2527 528 2606 inanimaque
561 2528 670 2588 omnia
703 2529 839 2606 rigentia
871 2529 953 2605 gelu,
987 2529 1197 2636 ceterqhvisu

101 2639 115 2680 8
137 2646 236 2704 quam
259 2627 349 2688 dictu
370 2627 525 2707 foediora,
550 2634 707 2690 terrorem
730 2634 939 2690 renovarunt.
986 2606 1239 2733 Erigbntibilffik

137 2727 168 2786 in
193 2727 313 2804 primos
337 2746 454 2815 agmen
479 2693 578 2789 ffiqaos
603 2735 825 2807 apparuerunt
859 2729 1064 2790 imminentes
1088 2710 1232 2790 tuma-li·

136 2825 183 2886 los
212 2825 390 2887 insidentes
421 2827 580 2902 montani,
612 2827 678 2905 qui,
709 2828 734 2888 si
764 2827 865 2889 valles
894 2828 1085 2889 occultiores
1116 2829 1196 2890 inse-
1236 2882 1239 2903 ,

138 2926 269 3000 dissent,
288 2925 389 2987 coorti
411 2925 453 2987 ad
476 2946 620 3004 pugnam
643 2932 775 3004 repente
798 2927 962 3003 ingentem
980 2927 1093 3004 fugam
1115 2903 1239 2990 stra-’⁴⁹⁰2

101 3037 274 3104 9gcmque
314 3025 488 3087 dedissent.
536 3026 700 3087 Hannibal
742 3026 916 3087 consistere
956 3027 1046 3104 signa
1087 3027 1180 3090 iussit
1189 3049 1196 3102 3

137 3125 301 3204 Gallisque
324 3125 365 3186 ad
389 3124 523 3186 visenda
546 3125 615 3186 loca
633 3126 817 3202 praemissis
840 3131 1015 3203 postquam
1040 3129 1197 3206 comperit

138 3226 313 3287 transitum
342 3245 380 3287 ea
410 3244 474 3285 non
504 3244 581 3298 esse,
614 3230 719 3286 castra
750 3226 834 3287 inter
864 3225 1054 3302 confragosa
1085 3228 1197 3288 omnia

138 3332 378 3404 praeruptaque
418 3343 518 3403 quarn
557 3325 783 3385 extentissima
824 3330 932 3402 potest
973 3325 1058 3386 valle
1099 3326 1195 3392 locat.

89 3441 117 3487 10
137 3426 221 3487 Tum
240 3446 297 3504 per
314 3424 444 3486 eosdem
464 3424 583 3494 Gallos
605 3424 691 3485 haud
711 3444 789 3486 sane
808 3425 949 3486 multum
969 3425 1080 3503 lingua
1101 3427 1197 3488 mori-

138 3517 262 3602 busque
297 3524 518 3652 abquqgeqtes
554 3543 628 3584 cum
667 3543 700 3585 se
742 3524 991 3590 immiscuissent
1031 3525 1197 3604 colloquiis
