2496 3908
89 245 318 313 currerem]
580 248 670 298 nrvr
1094 241 1157 306 115

92 425 130 501 Q.
148 424 263 500 Fabio,
280 443 330 500 ne,
348 424 539 504 priusquam
555 445 656 504 genus
672 426 819 489 hostiurn
835 434 1018 506 cognosset,
1035 434 1157 492 temere

91 544 229 586 manum
259 521 456 600 consereret,
492 526 706 604 respondisse,
741 526 799 588 ubi
834 528 977 605 primum
1012 528 1156 590 hostium

91 643 211 702 agmen
226 624 457 701 conspexisset,
467 630 702 702 pugnaturum.
747 625 829 687 Cum
840 634 1060 705 quaereretur,
1072 648 1156 707 quae
1175 644 1190 689 9

93 743 191 785 causa
216 723 394 785 festinandi
419 730 514 799 esset,
536 725 611 786 ‘aut
630 744 672 786 ex
700 724 794 787 hoste
819 726 980 805 egregiam
1005 727 1154 805 gloriam'

92 823 200 903 inquit
228 824 303 885 ‘aut
336 843 377 884 ex
414 823 540 885 civibus
567 824 664 886 victis
691 824 849 903 gaudium
876 826 1030 888 meritum
1058 833 1153 903 certe,

91 923 154 985 etsi
169 942 236 983 non
252 921 437 998 honesturn,
456 923 605 1001 capiam!

135 1022 331 1100 Priusquam
355 1022 511 1084 Claudius
536 1023 647 1085 consul
672 1024 706 1085 in
729 1025 933 1103 provinciam
957 1027 1152 1104 perveniret,
1175 1042 1204 1088 10

91 1141 150 1201 per
179 1128 364 1184 extremum
394 1122 493 1183 finem
523 1123 592 1200 agri
623 1124 787 1186 Larinatis
817 1123 992 1188 dueentem
1022 1126 1055 1186 in
1085 1126 1153 1189 Sal-

91 1221 233 1284 lentinos
275 1221 456 1283 exercitum
499 1222 719 1284 Hannibalem
761 1224 923 1302 expeditis
965 1225 1153 1288 cohortibus

91 1319 229 1383 adortus
258 1320 293 1382 C.
325 1321 485 1382 Hostilius
514 1321 662 1384 Tubulus
692 1323 909 1402 incomposito
938 1326 1060 1403 agmini
1090 1332 1152 1387 ter-

92 1420 220 1482 ribilem
246 1421 427 1482 tumultum
452 1421 564 1483 intulit
572 1442 580 1496 ;
618 1421 660 1482 ad
686 1429 845 1501 quattuor
869 1424 957 1485 milia
983 1424 1200 1486 hominumn

91 1520 222 1595 occidit,
238 1540 357 1583 novem
372 1521 465 1599 signa
480 1521 634 1582 militaria
650 1522 746 1600 cepit.
792 1523 941 1585 Moverat
956 1543 996 1586 ex
1010 1524 1152 1588 hibernis

91 1620 134 1682 ad
149 1620 274 1681 famam
287 1619 392 1682 'bostis
407 1621 445 1696 Q.
462 1620 627 1695 Claudius,
644 1623 700 1700 qui
716 1642 773 1701 per
787 1622 884 1684 urbes
898 1624 966 1701 agri
982 1624 1151 1686 Sallentini

92 1727 200 1782 castra
224 1719 382 1798 disposita
406 1719 561 1782 habebat.
607 1721 726 1799 Itaque
749 1741 790 1784 ne
814 1742 888 1784 cum
911 1723 1039 1784 duobus
1062 1743 1151 1786 exer·
1173 1741 1200 1784 12

92 1820 212 1882 citibus
234 1819 329 1881 simul
353 1820 550 1898 confligeret,
574 1820 741 1882 Hannibal
764 1827 860 1884 nocte
883 1828 989 1884 castra
1011 1843 1051 1884 ex
1073 1843 1150 1902 agro

90 1919 269 1981 Tarentino
295 1920 399 1981 movit
424 1917 584 1999 atque'in
609 1920 759 1982 Bruttios
784 1921 952 1984 concessit.
996 1921 1150 1984 Claudius
1172 1937 1199 1982 13

91 2019 125 2080 in
143 2018 341 2082 Sallentinos
360 2039 477 2097 agmen
497 2020 670 2095 convertit,
691 2020 852 2082 Hostilius
870 2020 1017 2099 Capuam
1036 2028 1150 2100 petens

91 2119 209 2182 obvius
224 2119 267 2180 ad
283 2119 460 2181 Venusiam
476 2119 540 2181 fuit
557 2119 679 2181 consuli
696 2120 841 2182 Claudio.
887 2119 939 2182 lbi
954 2140 995 2182 ex
1010 2127 1150 2200 utroque
1172 2138 1199 2183 14

90 2219 237 2282 exercitu
258 2219 361 2281 electa
384 2219 534 2298 peditum
556 2219 774 2299 quadraginta
796 2219 896 2295 milia,
919 2219 984 2282 duo
1006 2220 1095 2282 milia
1116 2228 1150 2283 et

90 2319 262 2399 quingenti
290 2319 426 2398 equiteS,
456 2319 575 2398 quibus
605 2320 714 2381 consul
744 2319 900 2382 adversus
929 2319 1149 2382 Hannibalem

91 2439 158 2482 rem
186 2426 326 2497 gereret:
365 2419 505 2498 reliquas
534 2419 643 2498 copias
671 2419 831 2481 Hostilius
857 2418 1005 2497 Capuam
1032 2419 1149 2483 ducere

91 2519 207 2592 iussuS,
226 2524 264 2580 ut
283 2519 321 2594 Q.
341 2519 457 2580 Fulvio
476 2519 660 2598 proconsuli
679 2518 832 2581 traderet.

133 2619 300 2693 Hannibal
334 2619 479 2698 undique
512 2626 682 2681 contracto
715 2619 870 2694 exercitu,
903 2638 1001 2698 quem
1034 2619 1068 2680 in
1101 2620 1194 2680 hi-41

92 2720 200 2783 bernis
215 2726 274 2782 aut
295 2720 328 2781 in
344 2719 511 2799 praesidiis
534 2719 601 2797 agri
618 2718 740 2780 Bruttii
761 2718 932 2793 habuerat,
949 2720 982 2779 in
997 2719 1146 2781 Lucanos

91 2821 133 2882 ad
164 2820 383 2882 Grumentum
414 2819 504 2882 venit
534 2839 591 2898 spe
621 2818 796 2898 recipiendi
820 2818 951 2897 oppida,
977 2838 1062 2898 quae
1092 2838 1149 2898 per

91 2927 218 2984 metum
230 2920 272 2983 ad
284 2921 452 2982 Romanos
464 2919 666 2981 defecissent.
713 2917 839 2980 Eodem
851 2938 870 2979 a
881 2918 1024 2980 Venusia
1037 2919 1146 2980 consul
1168 2937 1183 2980 2

91 3021 262 3083 Romanus
281 3020 459 3099 exploratis
479 3019 649 3080 itineribus
669 3018 849 3093 contendit,
870 3022 904 3079 et
924 3017 1010 3079 mille
1029 3018 1095 3080 fere
1114 3023 1148 3080 et

91 3123 287 3202 quingentos
325 3140 439 3200 passus
478 3124 584 3181 castra
622 3118 664 3179 ab
703 3117 796 3180 hoste
833 3118 930 3179 locat.
976 3117 1182 3180 Grumenti3

91 3221 261 3284 moenibus
282 3241 382 3300 prope
403 3221 586 3281 iniunctum
608 3217 783 3280 videbatur
803 3219 987 3279 Poenorum
1008 3217 1131 3279 vallum
1138 3237 1146 3293 ;

91 3322 261 3401 quingenti
283 3341 397 3400 passus
419 3321 607 3382 intererant.
653 3318 767 3380 Castra
790 3317 914 3378 Punica
935 3337 973 3378 ac
996 3317 1146 3378 Romana
1166 3333 1182 3378 4

90 3423 304 3484 interiacebat
337 3441 471 3500 campus
479 3441 486 3496 3
531 3419 625 3481 colles
657 3417 873 3479 imminebant
905 3416 984 3478 nudi
1016 3417 1146 3479 sinistro

89 3522 183 3584 lateri
200 3520 526 3600 Carthaginiensium,
546 3520 662 3581 dextro
681 3517 916 3592 Romanorum,
936 3517 1060 3578 neutris
1077 3536 1145 3578 sus-
