2496 3908
1117 94 1127 121 l

128 226 191 291 110
603 240 692 290 arvi
930 238 933 243 ·
972 241 1185 307 [nooxxxvr.
1223 301 1225 304 .

80 429 106 472 ra
127 415 285 495 Capuam,
306 415 468 479 ostendit:
498 436 564 478 non
584 416 774 480 omiserunt.
819 417 917 480 Feras
936 417 1070 493 bestias,
1092 437 1186 481 caeco

127 515 253 594 impetu
270 535 307 577 ac
325 515 413 578 rabie
431 515 622 591 concitatas,
640 516 666 576 si
683 516 726 577 ad
743 515 862 578 cubilia
878 522 911 579 et
929 516 1056 579 catulos
1072 536 1185 580 earum

127 615 172 677 ire
199 634 323 694 pergas,
351 615 394 676 ad
420 635 516 694 opem
542 615 608 677 suis
635 615 804 678 ferendam
830 622 978 679 avertas:
1015 616 1185 679 Romanos

80 727 107 771 13
128 714 234 776 Roma
270 715 489 789 circumsessa,
527 715 687 793 coniuges,
723 715 826 790 liberi,
862 734 1003 795 quorum
1038 715 1185 795 ploratus

127 814 203 876 hinc
236 834 336 893 prope
369 813 642 890 exaudiebantur,
677 834 762 890 arae,
797 813 871 889 foci,
906 815 1005 877 deum
1039 815 1184 892 delubra,

126 914 274 992 sepulcra
307 913 469 975 maiorum
501 919 662 976 temerata
695 934 733 975 ac
765 913 890 976 violata
923 933 942 975 a
974 914 1088 993 Capua
1120 934 1185 977 non

128 1020 335 1076 averterunt:
380 1019 476 1076 tanta
509 1013 652 1076 aviditas
685 1012 836 1093 supplicii
868 1014 1068 1093 expetendis
1090 1020 1186 1089 tanta

80 1126 106 1170 14
127 1113 293 1192 sanguinis
320 1113 424 1175 nostri
451 1112 622 1176 hauriendi
650 1119 699 1176 est
727 1113 808 1176 sitis.
854 1113 922 1176 Nec
949 1113 1067 1176 iniuria
1094 1114 1185 1176 forsi-

128 1220 202 1276 tan:
234 1233 293 1275 nos
313 1232 444 1292 quoque
464 1212 551 1275 idern
571 1212 767 1288 fecissemus,
789 1212 815 1273 si
836 1213 915 1276 data
935 1213 1070 1276 fortuna
1090 1219 1184 1277 esset.

128 1314 246 1392 ltaque
269 1313 426 1393 quoniam
448 1312 543 1375 aliter
564 1313 613 1374 dis
634 1312 875 1375 immortalibus
897 1319 946 1376 est
968 1313 1088 1389 visum,
1112 1333 1185 1376 cum

128 1420 268 1476 mortem
296 1433 336 1475 ne
364 1432 511 1475 recusare
539 1412 672 1491 quidem
701 1411 848 1488 debeam,
879 1412 1043 1475 cruciatus
1071 1419 1185 1475 contu-

116 1513 314 1591 meliasque,
334 1532 416 1590 quas
435 1517 530 1590 parat
548 1511 662 1585 hostis,
682 1511 761 1572 dum
778 1511 869 1586 liber,
888 1511 968 1574 dum
987 1512 1050 1575 mei
1068 1502 1185 1592 potens

127 1633 210 1687 sum,
239 1611 380 1689 effugere
409 1617 524 1686 morte,
555 1617 786 1690 praeterquam
813 1611 962 1687 honesta,
991 1611 1095 1674 etiam
1122 1611 1185 1675 leni

79 1729 106 1774 15
128 1732 270 1792 possum.
317 1711 391 1773 Non
427 1710 545 1772 videbo
581 1710 642 1788 Ap.
679 1710 853 1772 Claudium
887 1716 921 1773 et
956 1711 994 1787 Q.
1032 1711 1186 1773 Fulvium

128 1812 265 1874 victoria
297 1810 449 1872 insolenti
481 1809 648 1885 subnixos,
681 1829 787 1888 neque
818 1810 950 1872 vinctus
982 1830 1040 1888 per
1071 1811 1186 1873 urbem

128 1912 314 1974 Romanam
343 1909 502 1989 triumphi
531 1909 756 1988 spectaculum
785 1910 907 1984 trahar,
938 1915 976 1972 ut
1006 1909 1124 1973 deinde
1153 1911 1185 1970 in

101 2031 104 2037 ·
129 2031 253 2074 carcere
279 2011 440 2088 exspirem
461 2015 520 2071 aut
540 2010 584 2071 ad
604 2008 715 2089 palum
742 2009 903 2087 deligatus
923 2008 1066 2072 lacerato
1087 2009 1185 2088 virgis

129 2119 218 2190 tergo
256 2110 412 2172 cervicem
448 2110 551 2171 securi
587 2109 758 2170 Romanae
793 2109 953 2171 subiciam
960 2129 968 2185 ;
1005 2128 1064 2172 nec
1101 2109 1185 2172 dirui

130 2211 321 2289 'ncendique
342 2209 484 2287 patriam
505 2209 634 2283 videb0,
657 2228 715 2270 nec
736 2209 806 2287 rapi
827 2209 869 2270 ad
890 2215 1042 2287 stuprum
1063 2216 1185 2272 matres

81 2322 107 2364 16
128 2312 312 2390 Campanas
330 2299 535 2388 uirginesque
552 2314 586 2370 et
604 2309 760 2386 ingenuos
778 2328 904 2387 pueros.
949 2309 1079 2384 Albam,
1099 2310 1185 2371 unde

130 2412 189 2491 ipsi
213 2409 340 2471 oriundi
364 2414 504 2482 erant,a
526 2407 750 2469 fundamentis
773 2415 979 2487 proruerunt,
999 2428 1040 2470 ne
1063 2409 1183 2487 stirpis,

129 2531 169 2572 ne
194 2509 349 2572 memoria
375 2508 535 2586 originum
551 2526 684 2568 suarum
704 2514 864 2570 exstaret:
902 2507 1022 2569 nedum
1047 2527 1102 2570 eos
1127 2508 1185 2570 Ca-

130 2631 213 2690 puae
239 2627 390 2688 parsuros
417 2607 557 2681 credam,
585 2607 636 2668 cui
662 2607 843 2670 infestiores
869 2627 969 2686 quarn
994 2607 1184 2687 Carthagini

82 2716 216 2773 nsunt.
262 2710 380 2786 Itaque
408 2707 527 2786 quibus
555 2714 701 2768 vestrum
729 2714 807 2768 ante
835 2706 905 2768 fato
934 2707 1055 2782 cedere,
1085 2727 1184 2787 quam

131 2811 209 2872 haec
231 2815 282 2870 tot
303 2815 373 2870 tam
394 2807 510 2868 acerba
532 2806 676 2881 videant,
700 2806 732 2866 in
753 2806 862 2867 animo
883 2813 943 2881 est,
965 2806 1003 2868 iis
1023 2807 1113 2885 apud
1134 2826 1184 2869 me

83 2924 110 2968 18
131 2910 227 2972 hodie
250 2908 365 2987 epulae
389 2907 568 2968 instructae
592 2913 792 2984 parataeque
816 2913 903 2968 sunt.
949 2906 1084 2968 Satiatis
1108 2907 1184 2968 vino

133 3010 268 3088 ciboque
288 3006 441 3086 poculum
461 3006 558 3080 idem,
578 3005 667 3084 quod
687 3005 766 3065 mihi
786 3005 902 3066 datum
921 3005 1029 3080 fuerit,
1052 3006 1184 3068 circum-

131 3111 268 3171 feretur:
299 3126 336 3168 ea
355 3106 446 3183 potio
465 3124 581 3183 corpus
600 3124 619 3165 a
639 3105 794 3179 cruciatu,
815 3105 961 3165 animum
980 3125 999 3165 a
1019 3111 1184 3167 contume

132 3210 191 3284 liis,
209 3207 327 3281 oculos,
344 3206 430 3266 auris
445 3225 464 3266 a
480 3203 629 3265 videndis
644 3204 879 3282 audiendisque
895 3204 1047 3266 omnibus
1062 3205 1185 3266 acerbis

133 3308 347 3387 indignisque,
361 3324 444 3384 quae
460 3311 594 3365 manent
610 3303 724 3377 victos,
738 3303 928 3365 vindicabit.
964 3302 1075 3366 Parati
1091 3310 1185 3367 erunt
1221 3363 1225 3373 ,

72 3413 73 3418 ’
133 3409 188 3488 qui
217 3426 334 3484 magno
363 3425 439 3482 rogo
468 3404 500 3464 in
528 3403 702 3481 propatulo
731 3403 860 3474 aedium
888 3424 1023 3466 accenso
1053 3424 1185 3484 corpora

22 3583 23 3586 Ἴ
85 3519 113 3564 19
133 3507 284 3572 exanima
304 3504 447 3566 iniciant.
494 3503 583 3564 Haec
603 3522 668 3564 una
688 3503 794 3565 viaet
815 3503 951 3564 honesta
971 3510 1004 3565 et
1024 3503 1125 3567 libera
1144 3503 1185 3565 ad
