2496 3908
114 236 161 302 84‘
468 286 472 297 .
595 249 685 299 mvr
970 249 1168 314 [sooxxxu.

113 427 236 501 terreri,
261 435 299 489 ut
324 447 362 489 ea
388 427 486 489 modo
510 446 576 489 una
602 445 710 502 causa,
736 445 777 488 ne
801 426 967 505 extemplo
992 426 1171 491 transirent

112 526 234 606 fiumen
266 526 513 605 derigerentque
545 525 658 601 aciem,
692 525 835 589 tenuerit
867 525 1046 603 Romanos,
1080 527 1171 607 quod

77 638 92 683 s
112 645 240 688 summa
255 625 381 705 imperii
395 646 434 689 eo
449 624 501 689 die
516 645 614 705 penes
629 624 770 687 Paulum
784 625 858 687 fuit.
903 625 1023 705 Itaque
1038 632 1171 705 postero

113 725 164 788 die
186 726 299 801 Varm,
323 725 374 788 oui
396 745 464 787 sors
486 725 555 788 eius
577 725 641 788 diei
663 723 790 804 imperii
811 731 893 801 erat,
915 724 995 786 nihil
1020 726 1170 788 consulto

113 825 233 904 collega
264 825 394 904 signum
426 825 596 905 proposuit
629 824 872 904 instructasque
905 825 1014 904 copias
1047 825 1170 889 flumen

112 925 271 1000 traduxit,
292 931 448 1004 sequente
468 925 581 1000 Paule,
603 925 681 1004 quia
701 924 804 1003 magis
823 945 890 986 non
909 923 1048 1004 probare
1068 945 1171 1005 quam

76 1038 91 1083 s
112 1044 177 1085 non
197 1025 353 1088 adiuvare
374 1024 544 1086 consilium
563 1029 704 1104 poterat.
749 1024 952 1102 Transgressi
972 1024 1095 1088 fiumen
1115 1045 1171 1088 eas

112 1144 252 1204 quoque,
273 1125 406 1204 quasin
426 1125 540 1186 castris
560 1103 739 1186 minorihus
758 1123 952 1199 habuerant,
974 1124 1084 1204 copias
1103 1124 1170 1188 suis

112 1224 296 1303 adiungunt
313 1231 414 1303 atque
430 1224 478 1286 ita
495 1225 663 1286 instruunt
681 1223 801 1286 aciem:
828 1223 863 1284 in
880 1223 996 1286 dextro
1015 1244 1116 1287 cornu
1128 1259 1170 1269 —

110 1324 145 1386 id
159 1329 230 1386 erat
245 1324 371 1386 flumini
387 1323 520 1402 propius
533 1357 574 1365 ——
588 1323 756 1409 Romanos
770 1322 898 1402 equites
912 1322 1033 1399 locant,
1051 1324 1171 1388 deinde

75 1424 253 1502 lpedites3
288 1423 420 1486 laevum
446 1443 545 1485 comu
569 1422 708 1485 extremi
732 1422 859 1502 equites
883 1423 1055 1498 sociorum,
1082 1423 1171 1487 intra

111 1523 247 1602 pedites,
263 1523 305 1584 ad
320 1522 464 1585 medium
477 1522 580 1584 iuncti
594 1521 775 1600 legionibus
789 1521 958 1597 Romanis,
974 1529 1153 1587 tenuerunt
1161 1544 1170 1601 ;

111 1621 304 1706 iaculatores
331 1641 405 1683 cum
431 1621 544 1684 ceteris
565 1621 691 1706 ¹levium
716 1640 883 1683 armorum
908 1620 1037 1683 auxiliis
1063 1623 1170 1702 prima

75 1729 91 1774 8
111 1722 196 1784 acies
218 1721 317 1783 iacta.
362 1721 517 1783 Consules
533 1739 654 1783 cornua
669 1726 812 1796 tenuere,
829 1720 1001 1783 Terentius
1023 1720 1168 1798 laevum,

111 1820 267 1884 Aemilius
285 1820 454 1897 dextrum,
484 1820 621 1883 Gemino
638 1819 774 1883 Servilio
792 1819 899 1883 media
916 1839 1027 1900 pugna
1044 1821 1170 1884 tuenda

113 1920 202 1983 data.

61 2032 105 2082 46
156 2020 321 2082 Hannibal
343 2020 414 2083 luce
434 2019 539 2099 prima
561 2019 745 2082 Baliaribus
765 2019 894 2100 levique
916 2019 979 2082 alia
1000 2024 1171 2085 armatura

112 2120 289 2199 praemissa
316 2127 535 2198 transgressus
562 2120 694 2195 flumen,
723 2126 760 2182 ut
788 2139 935 2199 quosque
963 2120 1169 2197 traduxerat,

76 2221 158 2283 alta
186 2221 219 2281 in
248 2221 315 2282 acie
343 2220 485 2295 locabat,
514 2220 624 2283 Gallos
654 2221 884 2299 Hispanosque
911 2220 1039 2299 equites
1067 2240 1171 2301 prope

86 2393 88 2397 Ι
112 2321 217 2400 ripam
245 2319 338 2382 laevo
368 2320 401 2380 in
432 2339 531 2382 cornu
561 2319 718 2382 adversus
747 2319 937 2381 Romanum
965 2319 1155 2398 equitatum
1162 2340 1171 2396 ;

77 2420 266 2483 adextrum
296 2440 396 2482 cornu
426 2419 577 2481 Numidis
607 2419 773 2499 equitibus
804 2419 930 2494 datum,
962 2419 1070 2481 media
1100 2420 1171 2482 acie

112 2520 278 2599 peditibus
296 2520 437 2595 firmata,
456 2520 504 2581 ita
522 2526 560 2581 ut
578 2519 733 2581 Afrorum
750 2526 891 2599 utraque
910 2538 1031 2581 cornua
1049 2526 1170 2596 essent,

77 2633 92 2676 4
112 2620 397 2699 interponerentur
411 2619 461 2681 his
477 2619 575 2682 medii
588 2618 669 2681 Galli
687 2625 787 2698 atque
801 2619 950 2698 Hispani,
995 2617 1092 2680 Afros
1104 2619 1172 2681 Ro-

113 2740 246 2782 manam
276 2721 407 2797 [magna
435 2708 478 2782 ex
504 2720 612 2798 parte]
642 2719 786 2782 crederes
815 2719 934 2781 aciem:
973 2718 1021 2780 ita
1050 2718 1171 2781 armati

113 2827 206 2883 erant
227 2821 325 2881 armis
345 2827 378 2883 et
399 2819 442 2881 ad
462 2819 624 2894 Trebiam,
647 2826 791 2882 ceterum
811 2839 930 2896 magna
950 2839 992 2881 ex
1012 2824 1106 2897 parte
1127 2817 1172 2880 ad

78 2931 92 2975 ὅ
113 2922 374 2982 Trasumennum
394 2919 507 2999 captis.
553 2917 653 2980 Gallis
673 2919 894 2997 Hispanisque
912 2923 1006 2980 scuta
1024 2917 1172 2981 eiusdem

114 3021 237 3082 formae
265 3020 331 3083 fere
359 3027 463 3094 erant,
493 3020 637 3097 dispares
666 3039 703 3080 ac
732 3017 902 3080 dissimiles
930 3017 1039 3095 gladii,
1070 3017 1172 3079 Gallis

114 3109 279 3200 praelongi
305 3141 342 3181 ac
367 3120 435 3181 sine
461 3118 680 3193 mucronibus,
708 3118 866 3195 Hispan0,
894 3117 1043 3196 punctim
1068 3117 1172 3195 magis

115 3240 216 3300 quam
243 3220 361 3281 caesim
387 3218 524 3280 adsueto
553 3224 662 3296 petere
689 3215 827 3290 hostem,
856 3216 1020 3278 brevitate
1046 3215 1172 3278 habiles

114 3327 148 3382 et
169 3339 243 3381 cum
263 3318 481 3380 mucronibus.
527 3318 613 3379 Ante
634 3317 713 3378 alios
733 3315 866 3377 habitus
886 3316 1034 3393 gentium
1054 3314 1172 3394 harum

116 3439 190 3482 cum
218 3418 443 3495 magnitudine
472 3436 644 3495 corporum
671 3422 743 3477 tum
771 3415 876 3494 specie
904 3414 1056 3476 terribilis
1084 3422 1173 3477 erat:

79 3525 95 3568 6
116 3519 199 3581 Galli
219 3537 316 3597 super
336 3516 527 3577 umbilicum
547 3521 641 3578 erant
661 3514 757 3590 nudi;
791 3514 930 3593 Hispani
950 3513 1059 3576 linteis
1080 3535 1173 3594 prae·
