2496 3908
86 216 128 279 40
568 225 657 275 arvr
960 228 1131 293 [nooxxxr

50 403 224 465 avictoria
256 402 380 464 habui?
434 422 531 478 nunc,
565 403 642 482 quia
674 401 726 465 ille
758 403 931 480 exercitus,
967 390 1134 484 Hispaniae

86 503 272 580 provinciae
307 503 457 581 scriptus,
485 502 530 563 ibi
566 522 640 564 cum
666 502 767 565 fratre
793 503 851 566 Cn.
879 503 1034 582 Scipione
1068 505 1134 568 meis

86 603 238 680 auspiciis
268 622 336 664 rem
362 603 454 712 gerit&
474 602 530 664 ubi
552 621 628 664 eum
650 621 758 680 gerere
780 609 914 665 senatus
932 604 1135 684 populusque

50 711 65 754 4
86 702 256 764 Romanus
276 701 480 780 voluit,'²eg0,
500 708 537 764 ut
557 701 722 764 consulem
741 701 858 764 ducem
876 702 1038 767 adversus
1057 704 1136 766 Han-

86 803 228 864 nibalem
244 823 282 863 ac
298 803 424 864 Poenos
439 801 614 876 haberetis
631 802 699 881 ipse
716 821 767 865 me
782 801 858 864 huic
874 801 1066 867 voluntario
1081 823 1136 867 cer-

86 902 202 964 tamini
221 900 336 976 obtuli,
356 921 443 963 novo
461 901 651 980 imperatori
670 902 759 980 apud
777 921 881 964 novos
900 901 1022 966 milites
1041 924 1136 984 pauca

50 1011 65 1055 5
86 1002 186 1065 verba
207 1002 357 1064 facienda
378 1008 466 1063 sunt.
512 1001 560 1063 Ne
581 1020 682 1079 genus
704 1001 778 1064 belli
799 1021 882 1064 neve
903 1001 1037 1066 hostem
1057 1004 1136 1083 igno·

86 1103 173 1176 retis,
197 1122 272 1164 cum
293 1102 331 1162 iis
352 1108 401 1163 est
424 1101 527 1175 vobis,
551 1100 680 1176 milites,
703 1101 929 1180 pugnandum,
953 1123 1038 1182 quos
1059 1111 1136 1167 terra

86 1203 232 1280 marique
260 1201 364 1280 priore
391 1200 475 1262 bello
503 1201 637 1276 vicistis,
665 1221 684 1261 a
711 1201 830 1280 quibus
857 1201 1063 1280 stipendium
1088 1221 1137 1283 per

86 1302 201 1380 viginti
219 1321 322 1362 annos
339 1300 501 1378 exegistis
521 1320 539 1360 a
557 1300 676 1378 quibus
695 1308 792 1378 capta
809 1299 884 1363 belli
902 1303 1051 1379 praemia
1068 1302 1137 1367 Sici·

49 1418 64 1461 t
85 1401 162 1462 liam
181 1421 218 1462 ac
237 1400 422 1463 Sardiniam
439 1398 578 1461 habetis,
624 1400 696 1461 Erit
714 1400 813 1477 igitur
831 1401 864 1460 in
883 1398 945 1462 hoc
965 1403 1137 1465 certamine

86 1503 111 1563 is
129 1501 222 1562 vobis
239 1500 365 1578 illisque
382 1499 510 1561 animus
528 1499 584 1577 qui
602 1499 781 1561 victoribus
798 1507 831 1562 et
849 1500 945 1562 victis
962 1521 1033 1565 csse
1050 1502 1135 1565 solet.

87 1601 152 1663 Nec
168 1620 254 1662 nuno
269 1599 323 1673 illi,
340 1599 417 1678 quia
432 1599 565 1674 audent,
582 1599 638 1660 sed
653 1599 730 1677 quia
744 1618 873 1661 necesse
887 1598 947 1675 est,
963 1602 1137 1680 pugnaturi

50 1715 64 1760 r
85 1707 178 1775 sunt;
202 1699 262 1760 nisi
276 1697 415 1772 creditis,
429 1698 485 1776 qui
497 1698 642 1759 exercitu
654 1697 807 1759 incolumi
820 1718 966 1777 pugnam
978 1699 1137 1763 detracta·

84 1820 167 1873 vere,
183 1819 237 1860 eos
252 1797 379 1860 duabus
393 1796 542 1875 partibus
557 1797 705 1875 peditum
719 1798 934 1876 equitumque
948 1799 982 1858 in
997 1802 1136 1863 transitu

84 1899 216 1977 Alpium
237 1897 363 1959 arnissis
387 1897 454 1974 [qui
477 1894 584 1974 plures
606 1916 708 1974 paene
731 1897 884 1974 perierint
906 1917 1009 1976 quam
1029 1921 1137 1980 super·

50 2015 64 2057 s
83 1999 161 2075 sint]
181 1996 253 2076 plus
272 1996 339 2075 spei
358 2003 472 2057 nactos
491 2016 569 2057 esse.
615 1996 659 2057 At
677 1997 764 2057 enim
783 1998 877 2074 pauci
897 1997 1033 2076 quidem
1050 2007 1136 2076 sunt,

83 2098 139 2161 sed
168 2098 315 2175 vigentes
344 2096 461 2157 animis
491 2096 754 2175 corporibusque,
785 2118 926 2177 quorum
956 2100 1075 2163 robora
1104 2121 1138 2163 ac

50 2218 64 2260 9
83 2199 167 2260 vires
182 2198 239 2258 vix
253 2198 412 2259 sustinere
427 2197 476 2256 vis
491 2196 557 2257 ulla
572 2198 684 2275 possit.
731 2198 860 2275 Effigies
876 2199 987 2274 immo,
1003 2201 1138 2264 umbrae

83 2298 262 2372 hominum,
289 2297 376 2359 fame
401 2296 519 2373 frigore
545 2296 666 2358 inluvie
692 2297 841 2376 squalore
867 2300 983 2374 enecti,
1012 2302 1137 2364 contusi

83 2419 120 2459 ac
139 2397 301 2459 debilitati
320 2397 405 2458 inter
424 2416 504 2456 saxa
527 2416 703 2475 rupesque;
734 2397 855 2459 adhoc
874 2395 1018 2477 praeusti
1037 2409 1137 2476 artus,

83 2499 158 2559 nive
179 2497 318 2575 rigentes
339 2495 440 2569 nervi,
463 2496 609 2557 membra
631 2497 754 2559 torrida
775 2497 857 2575 gelu,
880 2506 1037 2577 quassata
1056 2500 1138 2563 frac-

36 2606 183 2676 lotaque
212 2615 313 2670 arma,
344 2594 450 2656 claudi
479 2615 516 2655 ac
545 2595 666 2658 debiles
694 2598 785 2676 equi:
826 2618 900 2660 oum
927 2598 989 2660 hoc
1017 2601 1137 2679 equite,

84 2717 158 2759 oum
171 2695 232 2757 hoc
247 2695 356 2773 pedite
371 2695 547 2772 pugnaturi
562 2696 654 2771 estis;
681 2696 832 2776 reliquias
846 2704 1010 2760 extremas
1024 2699 1137 2774 hostis,

83 2816 148 2857 non
164 2795 293 2856 hostem
309 2793 453 2869 habetis;
482 2813 519 2854 ac
536 2794 614 2854 nihil
632 2796 734 2873 magis
751 2817 864 2858 vereor
879 2817 980 2876 quam
995 2818 1046 2875 ne,
1065 2818 1139 2861 oum

83 2916 142 2957 vos
170 2893 403 2974 pugnaveritis,
434 2892 531 2971 Alpes
561 2893 674 2957 vicisse
704 2895 924 2958 Hannibalern
952 2897 1137 2962 videantur.

36 3011 62 3054 11
83 2997 146 3059 Sed
170 2996 217 3056 ita
240 2993 379 3055 forsitan
403 2992 522 3066 decuit,
549 3012 623 3054 oum
646 2994 815 3056 foederum
838 3004 971 3075 ruptore
995 2998 1078 3061 duce
1102 3019 1138 3061 ac

84 3095 204 3174 populo
229 3093 305 3155 deos
329 3093 415 3170 ipsos
439 3091 507 3154 sine
530 3091 596 3153 ulla
619 3092 764 3155 humana
787 3115 848 3173 ope
873 3098 1078 3161 committere
1101 3119 1138 3160 ac

84 3195 254 3275 profligare
272 3191 404 3266 bellurn,
424 3211 492 3266 nos,
513 3192 569 3270 qui
588 3193 767 3255 secundum
786 3194 863 3256 deos
882 3197 995 3258 violati
1014 3217 1137 3274 sumus,

35 3306 75 3353 41
87 3294 295 3358 commissum
326 3312 364 3353 ac
397 3292 605 3370 profligatum
638 3293 802 3356 conficere.
849 3295 922 3356 Non
955 3317 1068 3360 vereor
1099 3317 1138 3360 ne

84 3396 157 3476 quis
185 3414 236 3455 me
264 3392 344 3454 haec
373 3391 472 3453 vestri
500 3391 697 3455 adhortandi
727 3414 823 3455 causa
852 3396 1022 3473 magnifice
1049 3398 1138 3478 loqui

49 3494 259 3568 rexistimet
283 3493 391 3570 ipsum
414 3492 508 3554 aliter
530 3492 639 3554 animo
662 3493 830 3556 adfectum
852 3515 930 3557 esse.
976 3497 1082 3561 Licuit
1105 3499 1136 3559 in
