2496 3908
103 258 203 307 Curre.
219 258 259 316 49,
275 258 328 323 50.]
585 257 675 306 LIVY
1094 247 1155 310 127

103 452 197 511 posse
227 451 339 494 omnes
369 431 483 494 deleri:
512 432 707 510 ‘supersint'
727 433 835 512 inquit
853 432 970 512 ‘aliqui
995 432 1103 494 nuntii
1128 438 1197 493 eta

101 533 248 595 hostium
270 531 369 593 cladis
390 538 423 593 et
445 538 576 595 nostrae
597 532 751 594 virtutis!

145 633 231 695 Nero
277 652 315 694 ea
359 638 466 708 nocte,
511 652 596 711 quae
639 639 751 694 secuta
793 639 844 696 est
887 652 1043 712 pugnarn,
1087 639 1211 712 pro-50

101 732 208 795 fectus
240 731 389 794 citatiore
420 751 521 810 quarn
552 731 627 794 inde
658 738 793 794 venerat
824 733 953 810 agmine
984 732 1035 794 die
1066 738 1160 794 sexto

101 832 144 894 ad
176 832 301 893 stativa
332 851 391 892 sua
423 838 524 910 atque
555 831 598 893 ad
628 831 758 894 hostem
789 832 948 910 pervenit.
994 832 1063 894 lter
1092 832 1196 894 eius2

100 931 288 1010 frequentia
328 932 461 1005 minore,
503 931 580 1009 quia
619 951 715 994 nemo
755 939 974 1009 praecesserat
1013 932 1159 1007 nuntius

101 1031 229 1092 laetitia
245 1051 322 1092 vero
339 1036 445 1104 tanta,
463 1031 520 1090 vix
535 1036 573 1092 ut
589 1037 756 1109 compotes
773 1031 934 1093 mentium
948 1051 1026 1111 prae
1041 1031 1160 1109 gaudio

99 1136 219 1204 essent,
242 1129 442 1192 celebratum
461 1136 521 1191 est.
567 1129 653 1190 Nam
672 1130 798 1192 Romae
817 1137 932 1192 neuter
950 1131 1050 1192 animi
1069 1130 1160 1192 habi·
1181 1141 1195 1185 3

100 1236 154 1291 tus
170 1230 250 1291 satis
266 1229 328 1290 dici
344 1218 552 1307 enarrarique
575 1235 694 1307 potest,
716 1250 775 1292 nec
797 1250 862 1308 quo
883 1231 1008 1292 incerta
1028 1250 1160 1309 exspec-

100 1329 228 1392 tatione
249 1335 388 1391 eventus
411 1329 527 1390 civitas
548 1329 667 1403 fuerat,
690 1349 748 1391 nec
770 1349 836 1408 quo
858 1330 1014 1392 victoriae
1036 1329 1160 1392 famam

99 1429 237 1506 accepit.
284 1428 474 1506 Numquam
503 1447 560 1507 per
586 1428 692 1489 omnis
720 1429 798 1504 dies,
826 1449 868 1491 ex
895 1449 959 1508 quo
987 1429 1195 1492 Claudium4

100 1528 266 1590 consulem
282 1528 467 1607 profectum
481 1528 571 1588 fama
587 1527 711 1603 attulit,
728 1528 770 1589 ab
786 1535 858 1591 orto
873 1529 940 1591 sole
955 1529 998 1591 ad
1013 1529 1160 1591 occiden-

99 1634 168 1689 tem
183 1634 242 1689 aut
257 1634 391 1688 senator
406 1627 582 1706 quisquam
597 1647 616 1688 a
633 1628 722 1689 curia
737 1634 838 1707 atque
854 1627 896 1690 ab
913 1629 1159 1706 magistratibus

99 1727 256 1788 abscessit
270 1733 328 1788 aut
343 1726 483 1805 populus
496 1747 513 1789 e
526 1726 607 1788 foro.
654 1728 835 1802 Matronae,
851 1728 928 1807 quia
941 1727 1021 1788 nihil
1035 1729 1068 1788 in
1081 1728 1159 1806 ipsis
1179 1737 1194 1782 5

98 1827 169 1905 opis
193 1833 274 1901 erat,
299 1827 333 1886 in
358 1845 467 1905 preces
492 1826 797 1906 obtestationesque
821 1847 943 1903 versae,
969 1847 1026 1906 per
1049 1827 1159 1889 omnia

99 1925 235 1988 delubra
265 1945 369 2003 vagae
398 1924 564 2005 suppliciis
595 1926 747 2004 votisque
776 1925 915 2004 fatigare
945 1926 1032 1988 deos
1077 1927 1194 1988 Tama

97 2025 256 2087 sollicitae
273 2045 310 2086 ac
328 2044 503 2103 suspensae
522 2025 649 2086 civitati
667 2025 756 2087 fama
774 2025 898 2088 incerta
915 2026 1021 2104 primo
1039 2026 1159 2089 accidit

98 2125 181 2187 duos
215 2125 410 2186 Narnienses
443 2125 570 2204 equites
603 2125 636 2184 in
671 2131 788 2199 castra,
823 2145 908 2204 quae
941 2127 974 2186 in
1007 2125 1159 2188 faucibus

98 2225 255 2286 Umbriae
282 2225 434 2303 opposita
461 2231 566 2299 erant,
595 2225 722 2286 venisse
749 2245 790 2286 ex
818 2225 939 2303 proelio
966 2226 1159 2288 nuntiantes

98 2344 209 2387 caesos
229 2323 349 2385 hostes.
396 2324 440 2385 Et
462 2325 567 2404 primo
589 2324 692 2402 magis
713 2324 846 2386 auribus
868 2344 968 2403 quarn
988 2326 1105 2386 animis
1125 2325 1159 2387 id
1178 2335 1193 2381 t

98 2431 272 2503 acceptum
303 2431 372 2487 erat
400 2431 437 2486 ut
465 2425 570 2487 maius
599 2425 788 2502 laetiusque,
815 2443 914 2502 quarn
940 2425 1027 2503 quod
1050 2431 1159 2488 mente

97 2544 212 2603 capere
247 2531 306 2585 aut
346 2523 426 2585 satis
468 2523 596 2586 credere
642 2530 785 2603 possent,
826 2530 860 2586 et
899 2525 970 2603 ipsa
1013 2524 1159 2587 celeritas

98 2624 198 2685 fidem
216 2623 428 2702 impediebat,
450 2623 539 2702 quod
558 2623 659 2685 biduo
678 2630 755 2686 ante
775 2631 959 2703 pugnatum
978 2624 1157 2687 dicebatur.

98 2723 243 2785 Litterae
267 2722 384 2785 deinde
407 2722 449 2784 ab
473 2723 509 2785 L.
534 2722 655 2785 Manlio
679 2723 818 2784 Acidino
842 2723 959 2787 missae
980 2744 1022 2786 ex
1045 2725 1158 2786 castris
1178 2734 1193 2779 8

98 2823 294 2885 adferuntur
317 2823 356 2885 de
381 2823 614 2885 Narniensium
636 2823 788 2902 equitum
811 2823 970 2885 a'dventu.
1018 2825 1089 2886 Hae
1106 2823 1193 2886 lit-9

97 2929 187 2985 terae
218 2943 276 3000 per
305 2923 414 2985 forum
446 2923 489 2984 ad
521 2923 664 2985 tribunal
697 2923 856 3001 praetoris
887 2922 975 2985 latae
1005 2929 1158 2985 senatum

98 3023 186 3084 curia
205 3023 412 3098 exciverunt;
443 3030 605 3102 tantoque
625 3024 803 3085 certamine
821 3043 859 3084 ac
879 3022 1026 3085 tumultu
1045 3023 1157 3102 populi

97 3122 140 3184 ad
169 3122 254 3184 fores
285 3123 392 3184 curiae
423 3142 616 3184 concursum
646 3129 706 3196 est,
737 3128 775 3184 ut
805 3122 896 3184 adire
925 3123 1061 3184 nuntius
1091 3143 1157 3185 non

97 3227 217 3300 posset,
241 3222 298 3283 sed
321 3223 501 3284 traheretur
527 3242 546 3284 a
570 3222 862 3301 percunctantibus
885 3222 1158 3284 vociferantibus-

96 3341 170 3400 que,
200 3328 237 3382 ut
266 3321 298 3381 in
327 3322 437 3384 rostris
466 3322 554 3400 prius
585 3341 686 3401 quam
714 3321 747 3381 in
776 3328 893 3383 senatu
922 3321 1050 3383 litterae
1080 3322 1158 3384 reci-

97 3427 256 3482 tarentur.
301 3421 449 3483 Tandem
470 3421 626 3482 summoti
648 3427 681 3483 et
704 3421 833 3482 coerciti
852 3440 872 3480 a
893 3420 1152 3498 magistratibus
1178 3431 1206 3476 1⁰

96 3520 341 3599 dispensarique
356 3520 482 3582 laetitia
498 3520 584 3582 inter
598 3521 796 3599 impotentes
810 3519 879 3582 eius
895 3520 1021 3582 animos
1036 3521 1161 3597 potuit.
