2496 3908
137 197 178 260 68
618 208 706 258 mvx
990 209 1088 275 [soon
1105 210 1184 260 xxn.
1215 286 1218 291 Ι

101 405 115 448 a
140 384 307 462 concipere
328 404 431 462 posse.
478 383 652 466 Augebant
673 390 799 447 metum
820 384 967 463 prodigia
989 405 1030 448 ex
1052 386 1185 465 pluribus

139 484 233 546 simul
255 483 333 545 locis
353 484 523 546 nuntiata:
556 484 588 544 in
609 484 716 546 Sicilia
737 484 896 547 militibus
915 484 1044 564 aliquot
1064 486 1185 565 spicula,

140 584 172 644 in
200 584 349 647 Sardinia
377 590 488 645 autem
516 584 549 643 in
577 603 670 645 muro
699 585 912 647 circumeunti
940 585 1070 664 vigilias
1096 585 1186 666 equiti

137 684 324 762 scipionem,
350 703 447 763 quem
470 703 571 745 manu
594 684 746 759 tenuerit,
763 684 887 760 arsisse,
903 677 942 746 et'
959 684 1058 747 litora
1081 686 1188 749 crebris

101 798 115 840 s
138 783 265 862 ignibus
288 784 424 859 fulsisse,
448 790 482 846 et
504 789 598 845 scuta
622 783 687 845 duo
710 785 867 862 sanguine
889 784 1034 860 sudasse,
1059 791 1094 848 et
1116 785 1188 847 mili-
1228 846 1231 853 ,

137 891 185 946 tes
200 883 361 962 quosdam
377 883 458 946 ictos
473 883 678 958 fulminibus,
694 890 728 946 et
742 884 818 945 solis
833 883 944 946 orbem
960 884 1064 946 minui
1080 885 1187 960 visum,
1229 876 1231 881 ’

136 991 169 1046 et
197 984 371 1045 Praeneste
399 983 550 1045 ardentes
578 984 702 1062 lapides
731 982 819 1045 caelo
848 983 1011 1059 cecidisse,
1039 989 1074 1046 et
1103 984 1189 1064 Arpis

88 1096 115 1140 10
137 1103 266 1161 parmas
286 1083 319 1143 in
340 1083 428 1144 caelo
447 1083 533 1144 visas
552 1089 821 1162 pugnantemque
841 1102 915 1144 cum
934 1083 1012 1145 luna
1031 1084 1144 1160 solem,
1161 1090 1190 1145 et

63 1256 73 1268 κ
136 1183 285 1261 Capenae
315 1182 398 1244 duas
426 1182 568 1244 interdiu
597 1183 691 1244 lunas
721 1189 819 1258 ortas,
850 1189 883 1245 et
913 1202 1018 1261 aquas
1046 1184 1190 1247 Caeretes

137 1283 292 1360 sanguine
315 1282 437 1344 mixtas
458 1282 589 1344 fluxisse
610 1282 802 1362 fontemque
825 1283 932 1361 ipsum
954 1283 1108 1347 Herculis
1130 1303 1191 1347 cru·

137 1383 221 1444 entis
250 1402 399 1443 manasse
429 1402 610 1460 respersum
638 1383 785 1458 maculis,
812 1389 848 1468 'et
877 1383 968 1445 Antii
996 1384 1192 1448 metentibus

88 1495 114 1539 11
138 1488 288 1544 cruentas
315 1483 348 1542 in
375 1482 505 1544 corbem
531 1482 637 1560 spicas
664 1483 825 1558 cecidisse,
852 1488 885 1546 et
911 1482 1046 1546 Faleriis
1074 1486 1192 1548 caelum

137 1582 215 1644 findi
242 1582 332 1644 velut
360 1601 478 1659 magno
504 1581 597 1643 hiatu
623 1583 730 1644 visum
757 1603 888 1662 quaque
913 1584 1060 1661 patuerit
1075 1568 1193 1664 'ingens

137 1682 246 1743 lumen
262 1682 427 1755 effulsisse,
444 1689 476 1743 et
492 1689 594 1744 sortes
615 1689 806 1745 attenuatas
826 1702 992 1763 unamque
1007 1703 1067 1746 sua
1082 1672 1198 1764 sponte

138 1782 293 1843 excidisse
324 1782 370 1843 ita
401 1781 591 1859 inscriptam
612 1783 760 1843 ‘Mavors
784 1782 887 1845 telum
909 1803 1004 1844 suum
1028 1785 1194 1859 concutit,'

89 1896 117 1941 12
138 1891 171 1944 et
191 1902 249 1960 per
269 1881 355 1943 idem
376 1887 506 1959 tempus
527 1882 652 1943 Romae
673 1883 802 1960 signum
822 1883 937 1945 Martis
956 1883 1065 1962 Appia
1088 1884 1142 1946 via
1161 1904 1195 1946 ac

139 1981 310 2044 simulacra
345 1980 496 2058 luporum
531 1981 674 2056 sudasse,
710 1989 743 2044 et
777 1982 909 2060 Capuae
942 1983 1085 2061 speciem
1121 1983 1199 2050 caeli.

90 2093 118 2138 13
139 2081 282 2143 ardentis
312 2080 411 2142 fuisse
441 2081 600 2159 lanaeque
631 2081 715 2142 inter
745 2082 882 2144 imbrem
914 2082 1071 2145 cadentis.
1118 2083 1197 2146 Inde

140 2180 318 2241 minoribus
339 2180 440 2241 etiam
462 2179 552 2241 dictu
574 2180 729 2258 prodigiis
750 2181 830 2243 fides
852 2181 983 2244 habita:
1017 2202 1134 2261 capras
1154 2183 1197 2245 la-

140 2287 235 2342 natas
259 2280 457 2358 quibusdam
481 2280 597 2354 factas,
623 2287 656 2342 et
680 2280 835 2358 gallinam
860 2281 892 2341 in
917 2302 1052 2357 marem,
1077 2283 1197 2362 gallum

92 2394 118 2437 14
141 2382 172 2441 in
205 2380 360 2442 feminam
393 2400 461 2441 sese
494 2381 638 2442 vertisse.
685 2381 756 2455 Hie,
789 2381 873 2442 sicut
906 2386 999 2466 erant
1032 2384 1196 2457 nuntiata,

140 2480 296 2558 expositis
320 2479 573 2558 auctoribusque
598 2480 631 2540 in
656 2480 778 2541 curiam
803 2480 999 2543 introductis
1023 2482 1136 2544 consul
1160 2481 1197 2544 de

92 2590 119 2634 15
142 2581 292 2658 religione
325 2586 435 2658 patres
470 2579 642 2641 consuluit.
690 2580 875 2655 Decretum,
910 2587 947 2642 ut
980 2601 1018 2642 ea
1051 2581 1198 2661 prodigia

142 2680 261 2759 partim
297 2679 474 2741 maioribus
509 2679 623 2741 hostiis
658 2680 778 2758 partim
814 2680 1013 2742 lactentibus
1047 2700 1198 2759 procura-

142 2786 263 2854 rentur,
283 2785 316 2841 et
335 2779 383 2841 uti
402 2779 599 2858 supplicatio
618 2800 676 2857 per
695 2780 841 2841 triduum
859 2781 901 2841 ad
921 2780 1030 2841 omnia
1049 2780 1198 2858 pulvina-

93 2891 120 2935 16
143 2880 188 2941 ria
208 2879 396 2954 haberetur,
429 2886 546 2954 cetera,
567 2899 641 2940 cum
660 2880 834 2941 decemviri
854 2880 952 2941 libros
971 2880 1196 2958 inspexissent,

142 2987 179 3042 ut
197 2980 243 3041 ita
261 2980 374 3041 fierent
392 2979 548 3058 quemad
568 2979 702 3041 modum
720 2980 808 3041 cordi
825 3000 893 3041 esse
911 2980 995 3041 divis
1014 2999 1032 3041 e
1051 2980 1198 3042 carmini-

93 3089 120 3135 11
142 3081 203 3142 bus
225 3079 460 3158 praefarentur.
508 3080 774 3141 Decemvirorum
797 3080 925 3141 monitu
948 3080 1117 3142 decretum
1139 3086 1197 3154 est,

143 3180 213 3241 Iovi
233 3180 373 3257 primum
393 3179 516 3240 donum
534 3179 657 3240 fulmen
676 3199 811 3241 aureum
831 3180 939 3258 pondo
958 3180 1198 3259 quinquaginta

143 3281 243 3353 fieret,
265 3284 297 3340 et
318 3279 436 3339 lunoni
458 3280 687 3356 Minervaeque
708 3299 748 3341 ex
768 3285 903 3357 argento
924 3279 1010 3340 dona
1031 3279 1197 3354 darentur,

142 3387 176 3442 et
193 3378 311 3440 lunoni
329 3378 473 3455 Reginae
490 3379 522 3438 in
540 3378 706 3439 Aventino
723 3379 908 3457 Iunonique
925 3379 1075 3456 Sospitae
1092 3379 1198 3441 Lanu-

94 3496 121 3539 1s
143 3479 186 3539 vii
208 3476 384 3538 maioribus
405 3476 519 3538 hostiis
539 3478 784 3553 sacrificaretur,
808 3484 1042 3556 matronaeque
1062 3478 1198 3558 pecunia
