2496 3908
91 255 195 305 class.
208 256 249 313 47,
265 255 308 316 48,
323 255 380 319 aa]
583 255 672 303 nrvr
1114 243 1156 303 le

92 449 249 492 accensos
265 430 298 490 in
315 430 466 491 civitates
486 449 649 509 quemque
664 450 739 491 suas
754 430 796 514 ad
812 429 1033 492 sollicitandos
1053 449 1155 508 popu·

91 529 212 591 larium
233 530 360 591 animos
382 529 515 590 dimisit.
560 529 677 607 Scipio,
701 530 833 591 caedem
854 549 928 591 eam
948 530 1078 608 signum
1100 529 1154 591 de·
1176 546 1191 590 3

91 629 245 691 fectionis
272 629 419 689 omnium
447 627 614 689 Gallorum
640 647 709 690 esse
736 635 827 690 ratus
855 635 1090 707 contactosque
1116 647 1155 690 eo

92 728 213 791 scelere
240 727 333 789 velut
360 728 479 789 iniecta
507 727 596 789 rabie
622 727 665 788 ad
692 748 783 788 arma
810 728 923 803 ituros
948 791 957 819 k
998 748 1154 806 amquam

92 827 203 906 gravis
229 826 337 888 adhuc
363 827 497 887 vulnere
523 832 603 900 erat,
631 833 742 887 tamen
768 834 887 905 quarta
912 747 1022 905 rigida
1049 828 1190 888 noctise

92 926 297 1006 insequentis
319 927 422 988 tacito
443 926 572 1004 agmine
593 925 759 1007 profectus
780 925 823 987 ad
843 926 995 988 Trebiam
1017 927 1154 988 fluvium

92 1027 160 1088 iam
187 1026 222 1086 in
247 1024 319 1086 loca
346 1025 462 1086 altiora
490 1024 643 1104 collisque
669 1025 891 1103 impeditiores
917 1027 1020 1104 equiti
1049 1033 1154 1087 castra

91 1131 218 1187 movet.
264 1125 371 1185 Minus
406 1143 507 1203 quam
543 1124 585 1185 ad
620 1124 770 1185 Ticinum
805 1124 920 1186 fefellit
928 1146 936 1201 ;
984 1126 1189 1204 missisquen

92 1222 431 1384 Hannibssfflmum
456 1223 617 1298 Numidis,
643 1223 873 1329 deianbmni
897 1225 1060 1302 equitatu,
1087 1232 1154 1286 tur-

38 1360 46 1372 ι
91 1324 205 1386 basset
224 1343 247 1384 u
265 1322 340 1401 ique
359 1323 573 1384 novissimum
593 1342 710 1400 agmen
728 1324 762 1383 ni
781 1324 942 1386 aviditate
961 1324 1101 1403 praedae
1121 1326 1153 1385 in

91 1442 200 1485 vacua
226 1422 378 1484 Romana
404 1428 510 1484 castra
537 1423 699 1484 Numidae
725 1422 951 1485 devertissent.
997 1424 1048 1484 lbi
1074 1423 1187 1488 dumo

90 1529 337 1602 perscrutantes
370 1522 440 1583 loca
473 1523 582 1583 omnia
609 1529 789 1584 castrorum
822 1522 910 1584 nullo
943 1524 1023 1585 satis
1056 1523 1153 1601 digno

91 1643 205 1685 morae
226 1623 332 1701 pretio
354 1629 485 1700 tempus
506 1628 627 1696 terunt,
644 1622 780 1684 emissus
801 1621 904 1684 hostis
924 1630 974 1684 est
990 1624 1030 1684 de
1050 1618 1245 1724 mani-¹¹25

91 1722 171 1798 bus;
203 1727 237 1783 et
257 1740 331 1782 cum
350 1721 416 1782 iam
435 1728 651 1800 transgressos
669 1721 821 1783 Trebiam
841 1722 1008 1783 Romanos
1027 1707 1152 1784 metali
1175 1718 1179 1724 ’

92 1823 203 1901 tisque
219 1827 325 1882 castra
341 1821 595 1899 conspexissent,
611 1840 732 1898 paucos
747 1827 949 1882 moratorum
964 1822 1152 1884 oeciderunt

92 1922 176 1983 citra
197 1921 546 2036 flumeffssilliwpiffi·
591 1920 709 1998 Scipio,
731 1939 790 1981 nec
811 1922 1020 1983 vexationem
1040 1921 1152 2017 vulne
1172 1931 1186 1975 7

90 2022 135 2084 ris
160 2021 194 2080 in
217 2021 272 2081 via
296 1992 410 2081 1aci‘ati
434 2019 520 2081 ultra
544 2020 673 2098 patiens
696 2026 729 2081 et
754 2019 1042 2097 collegam—iam
1066 2022 1152 2082 enim

90 2127 125 2183 et
148 2125 341 2182 revocatum
361 2139 403 2180 ex
423 2118 531 2182 Sicilia
552 2118 702 2181 audierat
715 2153 756 2160 -
769 2126 860 2180 ratus
881 2121 1151 2198 exspectandum,

67 2220 211 2294 -locum,
240 2219 298 2298 qui
325 2238 426 2298 prope
453 2219 575 2280 flumen
603 2220 787 2281 tutissimus
815 2220 946 2281 stativis
973 2227 1023 2281 est
1051 2221 1150 2296 visus,

91 2318 256 2382 delectum
287 2319 490 2380 communiit.
537 2319 603 2380 Nec
633 2318 744 2396 procul
775 2319 850 2380 inde
880 2320 1046 2381 Hannibal
1078 2335 1186 2381 cums

91 2418 301 2493 consedisset,
334 2423 497 2496 quantum
528 2418 665 2479 victoria
696 2419 837 2497 equestri
869 2419 985 2494 elatus,
1019 2427 1151 2481 tantum

91 2518 210 2580 anxius
231 2516 353 2595 inopia,
374 2537 458 2596 quae
478 2537 536 2596 per
555 2516 699 2579 hostium
720 2538 813 2596 agros
834 2526 968 2580 euntem
988 2539 1151 2598 nusquam

90 2618 297 2697 praeparatis
327 2617 563 2679 commeatibus
593 2618 696 2679 maior
724 2618 757 2678 in
787 2618 854 2679 dies
883 2619 1077 2697 excipiebat,
1108 2621 1186 2682 ade

90 2716 288 2779 Clastidium
307 2716 427 2792 vicum,
448 2736 514 2796 quo
534 2736 689 2795 magnum
707 2717 865 2780 frumenti
884 2738 1056 2781 numerum
1077 2740 1150 2780 con-

90 2823 259 2894 gesserant
283 2816 436 2892 Romani,
461 2817 577 2878 mittit.
623 2817 673 2878 lbi
698 2837 772 2879 eum
796 2818 864 2879 vim
888 2826 1052 2897 pararent,
1077 2840 1150 2898 spes

90 2915 181 2977 facta
199 2915 410 2994 proditionis;
440 2935 499 2978 nec
517 2935 595 2978 sane
613 2936 731 2994 magno
750 2918 865 2994 pretio,
885 2919 1027 2979 nummis
1045 2920 1149 2981 aureis

91 3015 350 3094 quadringentis,
372 3015 471 3077 Dasio
496 3016 693 3077 Brundisino
716 3016 882 3095 praefecto
907 3019 1058 3096 praesidii
1083 3040 1149 3080 cor-

91 3123 190 3194 rupto
217 3114 361 3177 traditur
388 3115 566 3177 Hannibali
593 3114 796 3177 Clastidium.
842 3117 881 3177 ld
908 3116 1059 3179 horreum
1085 3119 1148 3181 fuit

91 3215 209 3277 Poenis
233 3214 423 3277 sedentibus
447 3215 490 3276 ad
514 3215 675 3276 Trebiam.
722 3217 761 3276 ln
787 3217 935 3294 captivos
960 3237 1001 3278 ex
1025 3219 1148 3281 tradito
1169 3233 1197 3277 10
1234 3259 1240 3307 i

90 3314 263 3394 praesidio
285 3319 323 3377 ut
342 3314 432 3376 fama
453 3314 643 3377 clementiae
663 3315 696 3375 in
716 3316 874 3394 principio
895 3337 1002 3378 rerum
1023 3318 1148 3396 collige·
1230 3312 1237 3393 5¹

91 3421 190 3491 retur,
209 3414 289 3476 nihil
307 3415 471 3477 saevitum
489 3421 548 3476 est.

131 3515 214 3578 Cum
234 3514 277 3576 ad
297 3513 449 3576 Trebiam
470 3521 621 3577 terrestre
642 3517 841 3577 constitisset
863 3516 992 3592 bellum,
1015 3518 1143 3580 interim
1153 3527 1196 3574 49

257 3632 274 3667 E
