2496 3908
133 247 197 312 102
614 262 705 312 nrvr
980 261 1186 327 [nooxxxvr.

134 435 232 497 Italia
253 457 359 517 neque
380 437 512 517 Capuae
533 458 639 518 neque
660 439 756 501 ullius
778 438 912 502 alterius
934 439 978 500 rei
1001 458 1128 502 memor
1148 437 1187 500 ad

98 553 113 599 3
134 534 222 597 urbis
244 537 441 615 praesidium
463 539 656 615 revocabat;
690 538 811 600 Fabius
832 538 997 600 Maximus
1018 538 1151 601 abscedi
1171 557 1188 598 a

133 634 245 713 Capua
258 637 436 716 terrerique
448 644 482 700 et
496 639 669 717 circumagi
683 638 726 700 ad
739 644 840 700 nutus
854 637 1188 716 comminationesque

97 741 113 786 4
134 734 328 797 Hannibalis
345 736 543 814 flagitiosum
560 737 718 800 ducebat:
746 737 802 817 qui
819 737 862 799 ad
877 737 1007 800 Cannas
1023 736 1132 799 victor
1146 737 1189 799 ire

133 840 244 897 tamen
262 836 304 897 ad
321 836 436 898 urbem
453 857 551 898 ausus
568 857 634 898 non
651 844 746 913 esset,
764 856 840 900 eum
857 857 876 898 a
893 836 1007 915 Capua
1024 836 1189 916 repulsum

97 947 112 992 5
132 954 224 1012 spem
245 936 424 1014 potiundae
445 937 534 999 urbis
555 937 681 1000 Romae
709 937 852 1016 cepisse?
888 937 963 998 Non
984 936 1028 997 ad
1049 936 1189 999 Romam

133 1033 357 1110 obsidendam,
381 1035 438 1099 sed
461 1036 503 1097 ad
525 1036 657 1115 Capuae
679 1036 884 1098 liberandam
906 1035 1113 1098 obsidionem
1134 1036 1187 1096 ire.

133 1133 275 1195 Romam
303 1155 377 1196 cum
404 1156 442 1198 eo
469 1137 625 1212 exercitu,
654 1136 710 1214 qui
738 1135 781 1198 ad
808 1134 923 1197 urbem
949 1141 1046 1210 esset,
1076 1134 1189 1196 Iovem

133 1234 300 1296 foederum
323 1242 495 1313 ruptorum
517 1234 559 1296 ab
583 1235 768 1298 Hannibale
799 1241 919 1298 testem
941 1234 1085 1312 deosque
1111 1233 1189 1294 alios

96 1349 112 1392 6
133 1333 321 1395 defensuros
336 1354 414 1396 esse.
460 1335 530 1396 Has
546 1335 690 1397 diversas
706 1335 886 1397 sententias
902 1333 1010 1395 media
1025 1333 1189 1396 sententia

133 1433 168 1492 P.
184 1433 300 1495 Valerii
315 1433 421 1495 Flacci
434 1434 524 1510 vicit,
539 1435 595 1513 qui
608 1435 778 1513 utriusque
791 1435 836 1496 rei
849 1452 974 1496 memor
985 1432 1189 1511 imperatori-

132 1531 203 1607 buS,
224 1534 279 1611 qui
298 1534 341 1595 ad
359 1534 506 1612 Capuam
525 1540 643 1609 essent,
663 1534 872 1596 scribendum
891 1533 1027 1608 censuit,
1048 1532 1130 1612 quid
1148 1531 1189 1593 ad

133 1632 247 1693 urbem
271 1633 421 1711 praesidii
446 1640 546 1709 esset;
583 1640 725 1712 quantas
750 1639 862 1695 autem
887 1631 1055 1693 Hannibal
1081 1632 1189 1711 copias

133 1731 265 1794 duceret
281 1740 339 1794 aut
355 1741 480 1812 quanto
495 1734 640 1796 exercitu
656 1733 699 1794 ad
713 1732 861 1811 Capuam
876 1731 1094 1794 obsidendam
1108 1751 1189 1810 opus

97 1835 111 1881 ⁷
132 1838 227 1906 esset,
245 1832 332 1910 ipsos
349 1833 439 1895 scire.
484 1834 516 1896 Si
534 1834 582 1895 ita
600 1832 742 1895 Romam
759 1852 776 1894 e
794 1831 932 1894 ducibus
949 1830 1032 1894 alter
1049 1837 1083 1893 et
1100 1851 1189 1894 exer·

134 1932 216 1993 citus
235 1952 309 2010 pars
329 1933 416 1994 mitti
436 1939 554 2011 posset,
575 1939 613 1994 ut
632 1933 674 1994 ab
693 1932 817 2011 reliquo
835 1937 869 1994 et
888 1931 970 1993 duce
988 1937 1022 1993 et
1040 1931 1188 1994 exercitu

132 2030 244 2109 Capua
269 2040 354 2094 recte
378 2031 591 2107 obsideretur,
616 2034 702 2094 inter
724 2052 758 2094 se
782 2037 1010 2110 compararent
1034 2030 1189 2093 Claudius

97 2145 111 2188 a
134 2130 342 2210 Fulviusque,
365 2133 431 2194 utri
453 2131 632 2195 obsidenda
653 2132 776 2210 Capua,
798 2131 865 2193 utri
886 2130 929 2192 ad
950 2129 1189 2209 prohibendam

97 2242 112 2286 9
133 2230 300 2293 obsidione
320 2233 462 2309 patriam
482 2232 624 2294 Romam
643 2231 847 2295 veniundum
865 2236 960 2294 esset.
1006 2230 1078 2291 Hoc
1098 2249 1189 2292 sena-

133 2337 187 2392 tus
210 2331 357 2393 consulto
380 2332 527 2411 Capuam
550 2333 675 2410 perlato
697 2333 736 2408 Q.
760 2330 896 2393 Fulvius
918 2329 1103 2409 proconsul,
1127 2329 1188 2406 cui,

134 2430 254 2508 collega
277 2452 317 2492 ex
340 2432 473 2494 vulnere
496 2452 602 2509 aegro,
627 2431 879 2510 digrediundum
902 2430 1046 2492 Romam
1067 2435 1149 2504 erat,
1172 2448 1189 2491 e

133 2530 238 2592 tribus
274 2532 470 2593 exercitibus
507 2532 610 2595 milite
645 2532 759 2608 electo,
797 2531 840 2593 ad
877 2529 1064 2610 quindecim
1102 2529 1189 2590 milia

84 2626 292 2709 inpeditum,
320 2631 405 2696 mille
430 2633 556 2711 equites
581 2632 782 2695 Vulturnum
807 2630 961 2693 traducit.
1006 2627 1089 2691 Inde
1116 2648 1189 2690 cum

134 2730 354 2793 Hannibalem
371 2732 489 2794 Latina
506 2733 559 2794 via
575 2733 700 2795 iturum
715 2733 795 2794 satis
812 2729 1031 2809 comperisset,
1048 2729 1118 2807 ipse
1134 2746 1190 2806 per

133 2831 259 2909 Appiae
296 2832 472 2910 municipia
510 2852 659 2912 quaeque
696 2837 830 2911 propter
865 2850 938 2892 eam
975 2828 1064 2889 viam
1100 2832 1188 2902 sunt,

85 2943 111 2986 11
134 2930 267 3005 Setiam,
286 2930 413 3007 Coram,
434 2933 609 2993 Lavinium
627 2931 805 3010 praemisit,
818 2937 856 2992 ut
876 2933 1078 2991 commeatus
1096 2946 1189 3005 para-

134 3036 186 3092 tos
211 3038 244 3092 et
270 3031 303 3090 irr
329 3030 465 3093 urbibus
491 3031 650 3095 haberent
675 3037 709 3093 et
734 3051 775 3092 ex
801 3029 885 3106 agris
912 3029 1015 3091 deviis
1040 3028 1074 3087 in
1100 3027 1190 3088 viam

134 3129 315 3208 proferrent
345 3131 571 3210 praesidiaque
601 3131 634 3191 in
664 3130 760 3192 urbes
791 3128 1031 3203 contraherent,
1062 3132 1101 3189 ut
1131 3145 1190 3188 sua

132 3230 250 3308 ‚cuique
269 3249 318 3291 res
337 3230 467 3308 publica
484 3231 518 3290 in
536 3250 637 3291 manu
654 3236 749 3291 esset.

99 3341 120 3389 9
178 3328 344 3391 Hannibal
368 3330 508 3408 quodie
537 3329 738 3392 Vulturnum
766 3334 816 3391 est
845 3334 1075 3405 transgressuS,
1099 3325 1190 3388 haud

99 3429 246 3507 aprocul
279 3450 298 3490 a
330 3429 463 3492 flumine
496 3436 602 3492 castra
642 3429 751 3507 posuit
759 3449 767 3505 ;
807 3434 937 3506 postero
970 3426 1021 3488 die
1060 3431 1190 3504 praeter

134 3529 225 3592 Cales
257 3530 289 3588 in
322 3549 436 3606 agrum
468 3527 648 3591 Sidicinum
680 3529 838 3606 pervenit.
885 3527 934 3588 lbi
968 3526 1054 3587 diem
1086 3545 1190 3586 unum
