<?xml version="1.0" encoding="UTF-8"?>
<!DOCTYPE html PUBLIC "-//W3C//DTD XHTML 1.0 Transitional//EN"
    "http://www.w3.org/TR/xhtml1/DTD/xhtml1-transitional.dtd">
<html xmlns="http://www.w3.org/1999/xhtml" xml:lang="en" lang="en">
 <head>
  <title>
</title>
<meta http-equiv="Content-Type" content="text/html;charset=utf-8" />
  <meta name='ocr-system' content='tesseract 3.04.00' />
  <meta name='ocr-capabilities' content='ocr_page ocr_carea ocr_par ocr_line ocrx_word'/>
</head>
<body>
  <div class='ocr_page' id='page_1' title='image "./livysecondpunic00livygoog_0035.png"; bbox 0 0 2496 3908; ppageno 0'>
   <div class='ocr_carea' id='block_1_1' title="bbox 12 1000 33 1099">
    <p class='ocr_par' dir='ltr' id='par_1_1' title="bbox 12 1000 33 1099">
     <span class='ocr_line' id='line_1_1' title="bbox 12 1000 33 1099; baseline 0 0"><span class='ocrx_word' id='word_1_1' title='bbox 12 1000 33 1099; x_wconf 80' lang='lat' dir='ltr'>l</span> 
     </span>
    </p>
   </div>
   <div class='ocr_carea' id='block_1_2' title="bbox 22 1124 37 1173">
    <p class='ocr_par' dir='ltr' id='par_1_2' title="bbox 22 1124 37 1173">
     <span class='ocr_line' id='line_1_2' title="bbox 22 1124 37 1173; baseline 0 0"><span class='ocrx_word' id='word_1_2' title='bbox 22 1124 37 1173; x_wconf 66' lang='lat' dir='ltr'>l</span> 
     </span>
    </p>
   </div>
   <div class='ocr_carea' id='block_1_3' title="bbox 100 259 1161 340">
    <p class='ocr_par' dir='ltr' id='par_1_3' title="bbox 100 259 1161 340">
     <span class='ocr_line' id='line_1_3' title="bbox 100 259 1161 340; baseline 0.005 -17"><span class='ocrx_word' id='word_1_3' title='bbox 100 259 141 323; x_wconf 87' lang='lat'>10</span> <span class='ocrx_word' id='word_1_4' title='bbox 580 273 669 322; x_wconf 83' lang='grc'><strong>1111</strong></span> <span class='ocrx_word' id='word_1_5' title='bbox 964 275 1061 340; x_wconf 70' lang='lat' dir='ltr'>[soon</span> <span class='ocrx_word' id='word_1_6' title='bbox 1084 277 1161 328; x_wconf 81' lang='grc'><strong>11111.</strong></span> 
     </span>
    </p>
   </div>
   <div class='ocr_carea' id='block_1_4' title="bbox 64 437 1162 1525">
    <p class='ocr_par' dir='ltr' id='par_1_4' title="bbox 64 437 1162 1525">
     <span class='ocr_line' id='line_1_4' title="bbox 64 437 1161 531; baseline 0.01 -28"><span class='ocrx_word' id='word_1_7' title='bbox 64 448 222 509; x_wconf 82' lang='lat' dir='ltr'>sUtrum</span> <span class='ocrx_word' id='word_1_8' title='bbox 253 447 380 510; x_wconf 82' lang='lat' dir='ltr'>hostem</span> <span class='ocrx_word' id='word_1_9' title='bbox 411 468 454 509; x_wconf 91' lang='lat' dir='ltr'>an</span> <span class='ocrx_word' id='word_1_10' title='bbox 485 468 543 510; x_wconf 92' lang='lat' dir='ltr'>vos</span> <span class='ocrx_word' id='word_1_11' title='bbox 573 468 615 510; x_wconf 91' lang='lat' dir='ltr'>an</span> <span class='ocrx_word' id='word_1_12' title='bbox 646 437 813 510; x_wconf 89' lang='lat' dir='ltr'>fortunam</span> <span class='ocrx_word' id='word_1_13' title='bbox 845 449 1016 529; x_wconf 71' lang='lat' dir='ltr'>utriusque</span> <span class='ocrx_word' id='word_1_14' title='bbox 1046 452 1161 531; x_wconf 93' lang='lat' dir='ltr'>populi</span> 
     </span>
     <span class='ocr_line' id='line_1_5' title="bbox 100 546 1161 629; baseline 0.007 -22"><span class='ocrx_word' id='word_1_15' title='bbox 100 546 280 629; x_wconf 84' lang='lat' dir='ltr'>ignoratis?</span> <span class='ocrx_word' id='word_1_16' title='bbox 308 547 432 624; x_wconf 93' lang='lat' dir='ltr'>legatos</span> <span class='ocrx_word' id='word_1_17' title='bbox 449 548 491 608; x_wconf 91' lang='lat' dir='ltr'>ab</span> <span class='ocrx_word' id='word_1_18' title='bbox 508 547 602 625; x_wconf 84' lang='lat' dir='ltr'>sociis</span> <span class='ocrx_word' id='word_1_19' title='bbox 618 554 651 610; x_wconf 92' lang='lat' dir='ltr'>et</span> <span class='ocrx_word' id='word_1_20' title='bbox 673 568 732 626; x_wconf 92' lang='lat' dir='ltr'>pro</span> <span class='ocrx_word' id='word_1_21' title='bbox 757 548 851 610; x_wconf 90' lang='lat' dir='ltr'>sociis</span> <span class='ocrx_word' id='word_1_22' title='bbox 868 549 1036 612; x_wconf 86' lang='lat' dir='ltr'>venientes</span> <span class='ocrx_word' id='word_1_23' title='bbox 1053 551 1161 614; x_wconf 89' lang='lat' dir='ltr'>bonus</span> 
     </span>
     <span class='ocr_line' id='line_1_6' title="bbox 101 647 1160 732; baseline 0.007 -25"><span class='ocrx_word' id='word_1_24' title='bbox 101 647 279 732; x_wconf 85' lang='lat' dir='ltr'>imperator</span> <span class='ocrx_word' id='word_1_25' title='bbox 300 647 429 723; x_wconf 80' lang='lat' dir='ltr'>vester&#39;</span> <span class='ocrx_word' id='word_1_26' title='bbox 422 667 454 707; x_wconf 92' lang='lat' dir='ltr'>1n</span> <span class='ocrx_word' id='word_1_27' title='bbox 479 653 548 709; x_wconf 89' lang='lat' dir='ltr'>cast</span> <span class='ocrx_word' id='word_1_28' title='bbox 551 667 585 709; x_wconf 93' lang='lat' dir='ltr'>ra</span> <span class='ocrx_word' id='word_1_29' title='bbox 608 667 674 709; x_wconf 92' lang='lat' dir='ltr'>non</span> <span class='ocrx_word' id='word_1_30' title='bbox 697 648 864 731; x_wconf 54' lang='lat' dir='ltr'>admisits</span> <span class='ocrx_word' id='word_1_31' title='bbox 856 668 906 710; x_wconf 85' lang='lat' dir='ltr'>ius</span> <span class='ocrx_word' id='word_1_32' title='bbox 928 650 1077 727; x_wconf 90' lang='lat' dir='ltr'>gentium</span> <span class='ocrx_word' id='word_1_33' title='bbox 1091 671 1160 714; x_wconf 79' lang='lat' dir='ltr'>sus</span> 
     </span>
     <span class='ocr_line' id='line_1_7' title="bbox 101 724 1160 829; baseline 0.006 -21"><span class='ocrx_word' id='word_1_34' title='bbox 101 746 192 826; x_wconf 85' lang='grc'><strong>111111;</strong></span> <span class='ocrx_word' id='word_1_35' title='bbox 227 745 260 807; x_wconf 94' lang='lat' dir='ltr'>hi</span> <span class='ocrx_word' id='word_1_36' title='bbox 283 752 405 821; x_wconf 91' lang='lat' dir='ltr'>tamen,</span> <span class='ocrx_word' id='word_1_37' title='bbox 422 746 508 827; x_wconf 86' lang='lat' dir='ltr'>unde</span> <span class='ocrx_word' id='word_1_38' title='bbox 524 767 564 809; x_wconf 93' lang='lat' dir='ltr'>ne</span> <span class='ocrx_word' id='word_1_39' title='bbox 580 747 724 809; x_wconf 93' lang='lat' dir='ltr'>hostium</span> <span class='ocrx_word' id='word_1_40' title='bbox 739 724 872 826; x_wconf 92' lang='lat' dir='ltr'>quidem</span> <span class='ocrx_word' id='word_1_41' title='bbox 888 749 986 826; x_wconf 92' lang='lat' dir='ltr'>legati</span> <span class='ocrx_word' id='word_1_42' title='bbox 1002 757 1160 829; x_wconf 88' lang='lat' dir='ltr'>arcentur</span> 
     </span>
     <span class='ocr_line' id='line_1_8' title="bbox 100 845 1161 961; baseline 0.006 -54"><span class='ocrx_word' id='word_1_43' title='bbox 100 846 195 931; x_wconf 83' lang='lat' dir='ltr'>pulsi,</span> <span class='ocrx_word' id='word_1_44' title='bbox 228 845 270 908; x_wconf 92' lang='lat' dir='ltr'>ad</span> <span class='ocrx_word' id='word_1_45' title='bbox 297 866 356 909; x_wconf 92' lang='lat' dir='ltr'>vos</span> <span class='ocrx_word' id='word_1_46' title='bbox 387 852 563 922; x_wconf 78' lang='lat' dir='ltr'>venerunt3</span> <span class='ocrx_word' id='word_1_47' title='bbox 602 867 652 909; x_wconf 91' lang='lat' dir='ltr'>res</span> <span class='ocrx_word' id='word_1_48' title='bbox 682 867 723 910; x_wconf 89' lang='lat' dir='ltr'>ex</span> <span class='ocrx_word' id='word_1_49' title='bbox 752 847 881 911; x_wconf 90' lang='lat' dir='ltr'>foedere</span> <span class='ocrx_word' id='word_1_50' title='bbox 912 855 1083 961; x_wconf 46' lang='lat' dir='ltr'>remanum</span> <span class='ocrx_word' id='word_1_51' title='bbox 1123 857 1161 913; x_wconf 89' lang='lat' dir='ltr'>ut</span> 
     </span>
     <span class='ocr_line' id='line_1_9' title="bbox 100 945 1161 1025; baseline 0.006 -19"><span class='ocrx_word' id='word_1_52' title='bbox 100 945 230 1024; x_wconf 90' lang='lat' dir='ltr'>publica</span> <span class='ocrx_word' id='word_1_53' title='bbox 257 946 347 1007; x_wconf 90' lang='lat' dir='ltr'>fraus</span> <span class='ocrx_word' id='word_1_54' title='bbox 374 945 470 1021; x_wconf 89' lang='lat' dir='ltr'>absit,</span> <span class='ocrx_word' id='word_1_55' title='bbox 499 952 667 1008; x_wconf 75' lang='lat' dir='ltr'>auctorem</span> <span class='ocrx_word' id='word_1_56' title='bbox 694 947 808 1025; x_wconf 93' lang='lat' dir='ltr'>culpae</span> <span class='ocrx_word' id='word_1_57' title='bbox 835 954 868 1010; x_wconf 91' lang='lat' dir='ltr'>et</span> <span class='ocrx_word' id='word_1_58' title='bbox 895 967 986 1010; x_wconf 92' lang='lat' dir='ltr'>reum</span> <span class='ocrx_word' id='word_1_59' title='bbox 1015 949 1161 1013; x_wconf 91' lang='lat' dir='ltr'>criminis</span> 
     </span>
     <span class='ocr_line' id='line_1_10' title="bbox 100 1020 1161 1134; baseline 0.004 -26"><span class='ocrx_word' id='word_1_60' title='bbox 100 1020 330 1134; x_wconf 61' lang='lat' dir='ltr'>dQscunt.</span> <span class='ocrx_word' id='word_1_61' title='bbox 337 1045 409 1120; x_wconf 82' lang='lat' dir='ltr'>Quo</span> <span class='ocrx_word' id='word_1_62' title='bbox 426 1045 529 1108; x_wconf 91' lang='lat' dir='ltr'>lenius</span> <span class='ocrx_word' id='word_1_63' title='bbox 546 1052 659 1129; x_wconf 85' lang='lat' dir='ltr'>agunt,</span> <span class='ocrx_word' id='word_1_64' title='bbox 678 1047 806 1127; x_wconf 73' lang='lat' dir='ltr'>segnips</span> <span class='ocrx_word' id='word_1_65' title='bbox 824 1047 996 1133; x_wconf 80' lang='lat' dir='ltr'>incipiunt,</span> <span class='ocrx_word' id='word_1_66' title='bbox 1015 1068 1065 1124; x_wconf 87' lang='lat' dir='ltr'>eo,</span> <span class='ocrx_word' id='word_1_67' title='bbox 1085 1069 1161 1112; x_wconf 89' lang='lat' dir='ltr'>cum</span> 
     </span>
     <span class='ocr_line' id='line_1_11' title="bbox 101 1131 1162 1226; baseline 0.004 -19"><span class='ocrx_word' id='word_1_68' title='bbox 101 1145 276 1223; x_wconf 81' lang='lat' dir='ltr'>coeperint,</span> <span class='ocrx_word' id='word_1_69' title='bbox 309 1165 434 1208; x_wconf 87' lang='lat' dir='ltr'>vereor</span> <span class='ocrx_word' id='word_1_70' title='bbox 453 1165 494 1207; x_wconf 90' lang='grc'>111</span> <span class='ocrx_word' id='word_1_71' title='bbox 525 1146 786 1224; x_wconf 86' lang='lat' dir='ltr'>perseverantius</span> <span class='ocrx_word' id='word_1_72' title='bbox 818 1147 978 1210; x_wconf 87' lang='lat' dir='ltr'>saeviant.</span> <span class='ocrx_word' id='word_1_73' title='bbox 999 1131 1162 1226; x_wconf 81' lang='lat' dir='ltr'>Aegates</span> 
     </span>
     <span class='ocr_line' id='line_1_12' title="bbox 100 1233 1161 1326; baseline 0.003 -18"><span class='ocrx_word' id='word_1_74' title='bbox 100 1245 221 1308; x_wconf 90' lang='lat' dir='ltr'>insulas</span> <span class='ocrx_word' id='word_1_75' title='bbox 255 1245 459 1324; x_wconf 83' lang='lat' dir='ltr'>Erycemque</span> <span class='ocrx_word' id='word_1_76' title='bbox 492 1251 570 1308; x_wconf 92' lang='lat' dir='ltr'>ante</span> <span class='ocrx_word' id='word_1_77' title='bbox 604 1246 713 1307; x_wconf 92' lang='lat' dir='ltr'>oculos</span> <span class='ocrx_word' id='word_1_78' title='bbox 747 1247 920 1324; x_wconf 75' lang='lat' dir='ltr'>proponite</span> <span class='ocrx_word' id='word_1_79' title='bbox 953 1233 1038 1326; x_wconf 90' lang='lat' dir='ltr'>quae</span> <span class='ocrx_word' id='word_1_80' title='bbox 1073 1254 1161 1311; x_wconf 90' lang='lat' dir='ltr'>terra</span> 
     </span>
     <span class='ocr_line' id='line_1_13' title="bbox 64 1345 1161 1425; baseline 0.005 -19"><span class='ocrx_word' id='word_1_81' title='bbox 64 1371 80 1416; x_wconf 73' lang='lat' dir='ltr'>s</span> <span class='ocrx_word' id='word_1_82' title='bbox 100 1345 247 1424; x_wconf 92' lang='lat' dir='ltr'>marique</span> <span class='ocrx_word' id='word_1_83' title='bbox 270 1364 327 1423; x_wconf 93' lang='lat' dir='ltr'>per</span> <span class='ocrx_word' id='word_1_84' title='bbox 350 1351 509 1424; x_wconf 90' lang='lat' dir='ltr'>quattuor</span> <span class='ocrx_word' id='word_1_85' title='bbox 531 1351 564 1408; x_wconf 93' lang='lat' dir='ltr'>et</span> <span class='ocrx_word' id='word_1_86' title='bbox 588 1346 704 1424; x_wconf 87' lang='lat' dir='ltr'>viginti</span> <span class='ocrx_word' id='word_1_87' title='bbox 728 1365 830 1408; x_wconf 89' lang='lat' dir='ltr'>annos</span> <span class='ocrx_word' id='word_1_88' title='bbox 854 1347 940 1425; x_wconf 91' lang='lat' dir='ltr'>passi</span> <span class='ocrx_word' id='word_1_89' title='bbox 964 1347 1045 1410; x_wconf 87' lang='lat' dir='ltr'>sitis.</span> <span class='ocrx_word' id='word_1_90' title='bbox 1092 1349 1161 1412; x_wconf 94' lang='lat' dir='ltr'>Nec</span> 
     </span>
     <span class='ocr_line' id='line_1_14' title="bbox 100 1444 1161 1525; baseline 0.006 -19"><span class='ocrx_word' id='word_1_91' title='bbox 100 1465 181 1524; x_wconf 93' lang='lat' dir='ltr'>puer</span> <span class='ocrx_word' id='word_1_92' title='bbox 196 1445 247 1506; x_wconf 91' lang='lat' dir='ltr'>hic</span> <span class='ocrx_word' id='word_1_93' title='bbox 264 1445 428 1520; x_wconf 89' lang='lat' dir='ltr'>duxerat,</span> <span class='ocrx_word' id='word_1_94' title='bbox 445 1444 502 1508; x_wconf 91' lang='lat' dir='ltr'>sed</span> <span class='ocrx_word' id='word_1_95' title='bbox 518 1451 614 1525; x_wconf 89' lang='lat' dir='ltr'>pater</span> <span class='ocrx_word' id='word_1_96' title='bbox 628 1446 696 1524; x_wconf 94' lang='lat' dir='ltr'>ipse</span> <span class='ocrx_word' id='word_1_97' title='bbox 712 1445 889 1521; x_wconf 86' lang='lat' dir='ltr'>Hamilcar,</span> <span class='ocrx_word' id='word_1_98' title='bbox 907 1447 994 1508; x_wconf 91' lang='lat' dir='ltr'>Mars</span> <span class='ocrx_word' id='word_1_99' title='bbox 1010 1448 1104 1524; x_wconf 86' lang='lat' dir='ltr'>alter,</span> <span class='ocrx_word' id='word_1_100' title='bbox 1121 1456 1161 1512; x_wconf 89' lang='lat' dir='ltr'>ut</span> 
     </span>
    </p>
   </div>
   <div class='ocr_carea' id='block_1_5' title="bbox 32 1543 1161 1620">
    <p class='ocr_par' dir='ltr' id='par_1_5' title="bbox 32 1543 1161 1620">
     <span class='ocr_line' id='line_1_15' title="bbox 32 1543 1161 1620; baseline 0.005 -15"><span class='ocrx_word' id='word_1_101' title='bbox 32 1573 36 1577; x_wconf 54' lang='lat'><strong><em>¹</em></strong></span> <span class='ocrx_word' id='word_1_102' title='bbox 100 1545 153 1606; x_wconf 92' lang='lat' dir='ltr'>isti</span> <span class='ocrx_word' id='word_1_103' title='bbox 168 1544 294 1606; x_wconf 90' lang='lat' dir='ltr'>volunt.</span> <span class='ocrx_word' id='word_1_104' title='bbox 339 1543 402 1607; x_wconf 88' lang='lat' dir='ltr'>Sed</span> <span class='ocrx_word' id='word_1_105' title='bbox 415 1545 568 1619; x_wconf 85' lang='lat' dir='ltr'>Tarento,</span> <span class='ocrx_word' id='word_1_106' title='bbox 584 1544 615 1606; x_wconf 93' lang='lat' dir='ltr'>id</span> <span class='ocrx_word' id='word_1_107' title='bbox 629 1551 679 1613; x_wconf 89' lang='lat' dir='ltr'>est</span> <span class='ocrx_word' id='word_1_108' title='bbox 692 1545 800 1620; x_wconf 89' lang='lat' dir='ltr'>ltalia,</span> <span class='ocrx_word' id='word_1_109' title='bbox 815 1565 881 1607; x_wconf 91' lang='lat' dir='ltr'>non</span> <span class='ocrx_word' id='word_1_110' title='bbox 895 1546 1161 1611; x_wconf 86' lang='lat' dir='ltr'>abstinueramus</span> 
     </span>
    </p>
   </div>
   <div class='ocr_carea' id='block_1_6' title="bbox 51 1644 1171 3619">
    <p class='ocr_par' dir='ltr' id='par_1_6' title="bbox 51 1644 1171 3619">
     <span class='ocr_line' id='line_1_16' title="bbox 100 1644 1162 1722; baseline 0.003 -15"><span class='ocrx_word' id='word_1_111' title='bbox 100 1665 141 1707; x_wconf 89' lang='lat' dir='ltr'>ex</span> <span class='ocrx_word' id='word_1_112' title='bbox 152 1644 291 1719; x_wconf 84' lang='lat' dir='ltr'>foedere,</span> <span class='ocrx_word' id='word_1_113' title='bbox 306 1644 390 1706; x_wconf 91' lang='lat' dir='ltr'>sicut</span> <span class='ocrx_word' id='word_1_114' title='bbox 403 1664 489 1706; x_wconf 91' lang='lat' dir='ltr'>nunc</span> <span class='ocrx_word' id='word_1_115' title='bbox 503 1646 650 1722; x_wconf 85' lang='lat' dir='ltr'>Sagunto</span> <span class='ocrx_word' id='word_1_116' title='bbox 663 1665 729 1707; x_wconf 93' lang='lat' dir='ltr'>non</span> <span class='ocrx_word' id='word_1_117' title='bbox 742 1645 955 1708; x_wconf 89' lang='lat' dir='ltr'>abstinemus.</span> <span class='ocrx_word' id='word_1_118' title='bbox 1001 1647 1162 1711; x_wconf 89' lang='lat' dir='ltr'>Vicerunt</span> 
     </span>
     <span class='ocr_line' id='line_1_17' title="bbox 65 1743 1171 1825; baseline 0.004 -19"><span class='ocrx_word' id='word_1_119' title='bbox 65 1764 176 1822; x_wconf 71' lang='lat' dir='ltr'>aergo</span> <span class='ocrx_word' id='word_1_120' title='bbox 206 1743 251 1805; x_wconf 93' lang='lat' dir='ltr'>dii</span> <span class='ocrx_word' id='word_1_121' title='bbox 284 1743 442 1820; x_wconf 91' lang='lat' dir='ltr'>homines,</span> <span class='ocrx_word' id='word_1_122' title='bbox 473 1751 506 1807; x_wconf 92' lang='grc'>11</span> <span class='ocrx_word' id='word_1_123' title='bbox 540 1744 573 1806; x_wconf 94' lang='lat' dir='ltr'>id</span> <span class='ocrx_word' id='word_1_124' title='bbox 608 1745 648 1806; x_wconf 91' lang='lat' dir='ltr'>de</span> <span class='ocrx_word' id='word_1_125' title='bbox 682 1764 747 1824; x_wconf 95' lang='lat' dir='ltr'>quo</span> <span class='ocrx_word' id='word_1_126' title='bbox 780 1745 888 1808; x_wconf 88' lang='lat' dir='ltr'>verbis</span> <span class='ocrx_word' id='word_1_127' title='bbox 920 1746 1171 1825; x_wconf 89' lang='lat' dir='ltr'>ambigebatur,-</span> 
     </span>
     <span class='ocr_line' id='line_1_18' title="bbox 100 1844 1161 1926; baseline 0.004 -20"><span class='ocrx_word' id='word_1_128' title='bbox 100 1850 174 1906; x_wconf 93' lang='lat' dir='ltr'>uter</span> <span class='ocrx_word' id='word_1_129' title='bbox 194 1844 334 1922; x_wconf 90' lang='lat' dir='ltr'>populus</span> <span class='ocrx_word' id='word_1_130' title='bbox 355 1844 470 1907; x_wconf 92' lang='lat' dir='ltr'>foedus</span> <span class='ocrx_word' id='word_1_131' title='bbox 492 1845 642 1922; x_wconf 83' lang='lat' dir='ltr'>rupisset,</span> <span class='ocrx_word' id='word_1_132' title='bbox 665 1850 803 1907; x_wconf 88' lang='lat' dir='ltr'>eventus</span> <span class='ocrx_word' id='word_1_133' title='bbox 824 1845 900 1908; x_wconf 94' lang='lat' dir='ltr'>belli</span> <span class='ocrx_word' id='word_1_134' title='bbox 921 1846 1013 1909; x_wconf 87' lang='lat' dir='ltr'>velut</span> <span class='ocrx_word' id='word_1_135' title='bbox 1034 1867 1161 1926; x_wconf 88' lang='lat' dir='ltr'>aequus</span> 
     </span>
     <span class='ocr_line' id='line_1_19' title="bbox 52 1942 1160 2026; baseline 0.004 -22"><span class='ocrx_word' id='word_1_136' title='bbox 52 1965 80 2011; x_wconf 93' lang='lat'>10</span> <span class='ocrx_word' id='word_1_137' title='bbox 100 1943 208 2019; x_wconf 89' lang='lat' dir='ltr'>iudex,</span> <span class='ocrx_word' id='word_1_138' title='bbox 237 1942 323 2005; x_wconf 92' lang='lat' dir='ltr'>unde</span> <span class='ocrx_word' id='word_1_139' title='bbox 350 1944 400 2005; x_wconf 93' lang='lat' dir='ltr'>ius</span> <span class='ocrx_word' id='word_1_140' title='bbox 426 1944 539 2007; x_wconf 89' lang='lat' dir='ltr'>stabat</span> <span class='ocrx_word' id='word_1_141' title='bbox 565 1944 594 2007; x_wconf 92' lang='lat' dir='ltr'>ei</span> <span class='ocrx_word' id='word_1_142' title='bbox 621 1944 795 2006; x_wconf 89' lang='lat' dir='ltr'>victoriam</span> <span class='ocrx_word' id='word_1_143' title='bbox 822 1945 922 2007; x_wconf 89' lang='lat' dir='ltr'>dedit.</span> <span class='ocrx_word' id='word_1_144' title='bbox 969 1946 1160 2026; x_wconf 88' lang='lat' dir='ltr'>Carthagini</span> 
     </span>
     <span class='ocr_line' id='line_1_20' title="bbox 100 2042 1161 2124; baseline 0.004 -20"><span class='ocrx_word' id='word_1_145' title='bbox 100 2063 186 2105; x_wconf 91' lang='lat' dir='ltr'>nunc</span> <span class='ocrx_word' id='word_1_146' title='bbox 217 2042 383 2105; x_wconf 88' lang='lat' dir='ltr'>Hannibal</span> <span class='ocrx_word' id='word_1_147' title='bbox 414 2044 526 2107; x_wconf 87' lang='lat' dir='ltr'>vineas</span> <span class='ocrx_word' id='word_1_148' title='bbox 556 2050 726 2123; x_wconf 90' lang='lat' dir='ltr'>turresque</span> <span class='ocrx_word' id='word_1_149' title='bbox 755 2043 922 2119; x_wconf 87' lang='lat' dir='ltr'>admovet,</span> <span class='ocrx_word' id='word_1_150' title='bbox 953 2045 1161 2124; x_wconf 84' lang='lat' dir='ltr'>Carthaginis</span> 
     </span>
     <span class='ocr_line' id='line_1_21' title="bbox 100 2143 1161 2223; baseline 0.002 -19"><span class='ocrx_word' id='word_1_151' title='bbox 100 2143 228 2205; x_wconf 89' lang='lat' dir='ltr'>moenia</span> <span class='ocrx_word' id='word_1_152' title='bbox 257 2143 367 2223; x_wconf 87' lang='lat' dir='ltr'>quatit</span> <span class='ocrx_word' id='word_1_153' title='bbox 396 2143 512 2206; x_wconf 88' lang='lat' dir='ltr'>ariete:</span> <span class='ocrx_word' id='word_1_154' title='bbox 553 2144 690 2222; x_wconf 85' lang='lat' dir='ltr'>Sagunti</span> <span class='ocrx_word' id='word_1_155' title='bbox 721 2143 1001 2206; x_wconf 84' lang='lat' dir='ltr'>ruinae-falsus</span> <span class='ocrx_word' id='word_1_156' title='bbox 1029 2145 1161 2207; x_wconf 87' lang='lat' dir='ltr'>utinam</span> 
     </span>
     <span class='ocr_line' id='line_1_22' title="bbox 100 2243 1161 2324; baseline 0.003 -20"><span class='ocrx_word' id='word_1_157' title='bbox 100 2249 193 2305; x_wconf 91' lang='lat' dir='ltr'>vates</span> <span class='ocrx_word' id='word_1_158' title='bbox 207 2243 268 2304; x_wconf 91' lang='lat' dir='ltr'>sim</span> <span class='ocrx_word' id='word_1_159' title='bbox 281 2277 322 2285; x_wconf 95' lang='lat'><strong>—</strong></span> <span class='ocrx_word' id='word_1_160' title='bbox 334 2243 454 2305; x_wconf 89' lang='lat' dir='ltr'>nostris</span> <span class='ocrx_word' id='word_1_161' title='bbox 468 2243 631 2322; x_wconf 91' lang='lat' dir='ltr'>capitibus</span> <span class='ocrx_word' id='word_1_162' title='bbox 645 2243 799 2317; x_wconf 91' lang='lat' dir='ltr'>incident,</span> <span class='ocrx_word' id='word_1_163' title='bbox 814 2250 1071 2324; x_wconf 88' lang='lat' dir='ltr'>susceptumque</span> <span class='ocrx_word' id='word_1_164' title='bbox 1085 2265 1161 2307; x_wconf 90' lang='lat' dir='ltr'>cum</span> 
     </span>
     <span class='ocr_line' id='line_1_23' title="bbox 52 2342 1161 2421; baseline 0.006 -21"><span class='ocrx_word' id='word_1_165' title='bbox 52 2357 78 2400; x_wconf 94' lang='lat'>11</span> <span class='ocrx_word' id='word_1_166' title='bbox 100 2342 289 2421; x_wconf 87' lang='lat' dir='ltr'>Saguntinis</span> <span class='ocrx_word' id='word_1_167' title='bbox 312 2342 433 2405; x_wconf 94' lang='lat' dir='ltr'>bellum</span> <span class='ocrx_word' id='word_1_168' title='bbox 457 2343 645 2405; x_wconf 91' lang='lat' dir='ltr'>habendum</span> <span class='ocrx_word' id='word_1_169' title='bbox 669 2362 743 2404; x_wconf 91' lang='lat' dir='ltr'>cum</span> <span class='ocrx_word' id='word_1_170' title='bbox 766 2342 925 2405; x_wconf 88' lang='lat' dir='ltr'>Romanis</span> <span class='ocrx_word' id='word_1_171' title='bbox 948 2349 1008 2406; x_wconf 87' lang='lat' dir='ltr'>est.</span> <span class='ocrx_word' id='word_1_172' title='bbox 1055 2344 1161 2407; x_wconf 90' lang='lat' dir='ltr'>Dede-</span> 
     </span>
     <span class='ocr_line' id='line_1_24' title="bbox 100 2441 1160 2522; baseline 0 -18"><span class='ocrx_word' id='word_1_173' title='bbox 100 2462 173 2505; x_wconf 86' lang='lat' dir='ltr'>mus</span> <span class='ocrx_word' id='word_1_174' title='bbox 190 2463 265 2521; x_wconf 91' lang='lat' dir='ltr'>ergo</span> <span class='ocrx_word' id='word_1_175' title='bbox 284 2443 528 2505; x_wconf 87' lang='lat' dir='ltr'>Hannibalem?</span> <span class='ocrx_word' id='word_1_176' title='bbox 558 2442 644 2505; x_wconf 93' lang='lat' dir='ltr'>dicet</span> <span class='ocrx_word' id='word_1_177' title='bbox 663 2441 791 2522; x_wconf 89' lang='lat' dir='ltr'>aliquis.</span> <span class='ocrx_word' id='word_1_178' title='bbox 836 2443 909 2506; x_wconf 90' lang='lat' dir='ltr'>Scio</span> <span class='ocrx_word' id='word_1_179' title='bbox 928 2463 1035 2505; x_wconf 91' lang='lat' dir='ltr'>meam</span> <span class='ocrx_word' id='word_1_180' title='bbox 1054 2443 1160 2507; x_wconf 91' lang='lat' dir='ltr'>levem</span> 
     </span>
     <span class='ocr_line' id='line_1_25' title="bbox 99 2542 1160 2621; baseline -0.001 -16"><span class='ocrx_word' id='word_1_181' title='bbox 99 2563 168 2605; x_wconf 88' lang='lat' dir='ltr'>esse</span> <span class='ocrx_word' id='word_1_182' title='bbox 187 2542 219 2603; x_wconf 93' lang='lat' dir='ltr'>in</span> <span class='ocrx_word' id='word_1_183' title='bbox 237 2562 275 2604; x_wconf 90' lang='lat' dir='ltr'>eo</span> <span class='ocrx_word' id='word_1_184' title='bbox 293 2542 526 2604; x_wconf 90' lang='lat' dir='ltr'>auctoritatem</span> <span class='ocrx_word' id='word_1_185' title='bbox 544 2547 679 2621; x_wconf 92' lang='lat' dir='ltr'>propter</span> <span class='ocrx_word' id='word_1_186' title='bbox 695 2548 850 2621; x_wconf 87' lang='lat' dir='ltr'>paternas</span> <span class='ocrx_word' id='word_1_187' title='bbox 869 2542 1072 2618; x_wconf 88' lang='lat' dir='ltr'>inimicitias;</span> <span class='ocrx_word' id='word_1_188' title='bbox 1103 2543 1160 2606; x_wconf 93' lang='lat' dir='ltr'>sed</span> 
     </span>
     <span class='ocr_line' id='line_1_26' title="bbox 99 2642 1160 2721; baseline -0.001 -16"><span class='ocrx_word' id='word_1_189' title='bbox 99 2649 133 2705; x_wconf 92' lang='lat' dir='ltr'>et</span> <span class='ocrx_word' id='word_1_190' title='bbox 151 2642 371 2707; x_wconf 90' lang='lat' dir='ltr'>Hamilcarem</span> <span class='ocrx_word' id='word_1_191' title='bbox 387 2662 425 2704; x_wconf 91' lang='lat' dir='ltr'>eo</span> <span class='ocrx_word' id='word_1_192' title='bbox 442 2642 562 2721; x_wconf 90' lang='lat' dir='ltr'>perisse</span> <span class='ocrx_word' id='word_1_193' title='bbox 579 2642 723 2704; x_wconf 90' lang='lat' dir='ltr'>laetatus</span> <span class='ocrx_word' id='word_1_194' title='bbox 740 2662 823 2717; x_wconf 93' lang='lat' dir='ltr'>sum,</span> <span class='ocrx_word' id='word_1_195' title='bbox 841 2642 940 2721; x_wconf 87' lang='lat' dir='ltr'>quod,</span> <span class='ocrx_word' id='word_1_196' title='bbox 958 2643 985 2703; x_wconf 95' lang='lat' dir='ltr'>si</span> <span class='ocrx_word' id='word_1_197' title='bbox 1002 2642 1054 2704; x_wconf 90' lang='lat' dir='ltr'>ille</span> <span class='ocrx_word' id='word_1_198' title='bbox 1071 2642 1160 2704; x_wconf 79' lang='lat' dir='ltr'>vive</span> 
     </span>
     <span class='ocr_line' id='line_1_27' title="bbox 100 2741 1160 2818; baseline 0 -14"><span class='ocrx_word' id='word_1_199' title='bbox 100 2748 160 2818; x_wconf 88' lang='lat' dir='ltr'>ret,</span> <span class='ocrx_word' id='word_1_200' title='bbox 182 2741 303 2804; x_wconf 94' lang='lat' dir='ltr'>bellum</span> <span class='ocrx_word' id='word_1_201' title='bbox 323 2741 389 2803; x_wconf 89' lang='lat' dir='ltr'>iam</span> <span class='ocrx_word' id='word_1_202' title='bbox 408 2741 602 2804; x_wconf 91' lang='lat' dir='ltr'>haberemus</span> <span class='ocrx_word' id='word_1_203' title='bbox 624 2761 697 2803; x_wconf 93' lang='lat' dir='ltr'>cum</span> <span class='ocrx_word' id='word_1_204' title='bbox 719 2741 888 2817; x_wconf 87' lang='lat' dir='ltr'>Romanis,</span> <span class='ocrx_word' id='word_1_205' title='bbox 909 2748 943 2804; x_wconf 96' lang='lat' dir='ltr'>et</span> <span class='ocrx_word' id='word_1_206' title='bbox 963 2741 1049 2803; x_wconf 93' lang='lat' dir='ltr'>hunc</span> <span class='ocrx_word' id='word_1_207' title='bbox 1070 2742 1160 2804; x_wconf 78' lang='lat' dir='ltr'>iuve</span> 
     </span>
     <span class='ocr_line' id='line_1_28' title="bbox 100 2841 1158 2921; baseline 0.001 -18"><span class='ocrx_word' id='word_1_208' title='bbox 100 2861 175 2904; x_wconf 93' lang='lat' dir='ltr'>nem</span> <span class='ocrx_word' id='word_1_209' title='bbox 187 2848 359 2921; x_wconf 88' lang='lat' dir='ltr'>tamquam</span> <span class='ocrx_word' id='word_1_210' title='bbox 369 2841 489 2902; x_wconf 94' lang='lat' dir='ltr'>furiam</span> <span class='ocrx_word' id='word_1_211' title='bbox 500 2841 672 2920; x_wconf 91' lang='lat' dir='ltr'>facemque</span> <span class='ocrx_word' id='word_1_212' title='bbox 684 2841 780 2903; x_wconf 92' lang='lat' dir='ltr'>huius</span> <span class='ocrx_word' id='word_1_213' title='bbox 792 2841 868 2904; x_wconf 94' lang='lat' dir='ltr'>belli</span> <span class='ocrx_word' id='word_1_214' title='bbox 881 2841 935 2903; x_wconf 92' lang='lat' dir='ltr'>odi</span> <span class='ocrx_word' id='word_1_215' title='bbox 947 2862 984 2904; x_wconf 87' lang='lat' dir='ltr'>ac</span> <span class='ocrx_word' id='word_1_216' title='bbox 996 2841 1143 2904; x_wconf 91' lang='lat' dir='ltr'>detestor</span> <span class='ocrx_word' id='word_1_217' title='bbox 1150 2862 1158 2917; x_wconf 88' lang='lat'>;</span> 
     </span>
     <span class='ocr_line' id='line_1_29' title="bbox 51 2940 1158 3019; baseline 0.002 -19"><span class='ocrx_word' id='word_1_218' title='bbox 51 2954 79 3000; x_wconf 85' lang='lat'>12</span> <span class='ocrx_word' id='word_1_219' title='bbox 99 2961 158 3004; x_wconf 91' lang='lat' dir='ltr'>nec</span> <span class='ocrx_word' id='word_1_220' title='bbox 179 2940 366 3003; x_wconf 91' lang='lat' dir='ltr'>dedendum</span> <span class='ocrx_word' id='word_1_221' title='bbox 386 2941 491 3003; x_wconf 92' lang='lat' dir='ltr'>solum</span> <span class='ocrx_word' id='word_1_222' title='bbox 512 2940 554 3002; x_wconf 92' lang='lat' dir='ltr'>ad</span> <span class='ocrx_word' id='word_1_223' title='bbox 575 2940 741 3019; x_wconf 89' lang='lat' dir='ltr'>piaculum</span> <span class='ocrx_word' id='word_1_224' title='bbox 762 2941 851 3019; x_wconf 88' lang='lat' dir='ltr'>rupti</span> <span class='ocrx_word' id='word_1_225' title='bbox 871 2940 1020 3016; x_wconf 91' lang='lat' dir='ltr'>foederis,</span> <span class='ocrx_word' id='word_1_226' title='bbox 1042 2941 1110 3016; x_wconf 89' lang='lat' dir='ltr'>sed,</span> <span class='ocrx_word' id='word_1_227' title='bbox 1132 2941 1158 3004; x_wconf 89' lang='lat' dir='ltr'>si</span> 
     </span>
     <span class='ocr_line' id='line_1_30' title="bbox 100 3039 1159 3118; baseline 0 -16"><span class='ocrx_word' id='word_1_228' title='bbox 100 3060 195 3103; x_wconf 92' lang='lat' dir='ltr'>nemo</span> <span class='ocrx_word' id='word_1_229' title='bbox 211 3040 409 3118; x_wconf 89' lang='lat' dir='ltr'>deposceret,</span> <span class='ocrx_word' id='word_1_230' title='bbox 427 3039 655 3103; x_wconf 90' lang='lat' dir='ltr'>devehendum</span> <span class='ocrx_word' id='word_1_231' title='bbox 671 3041 703 3101; x_wconf 94' lang='lat' dir='ltr'>in</span> <span class='ocrx_word' id='word_1_232' title='bbox 719 3040 853 3102; x_wconf 89' lang='lat' dir='ltr'>ultimas</span> <span class='ocrx_word' id='word_1_233' title='bbox 869 3041 967 3102; x_wconf 91' lang='lat' dir='ltr'>maris</span> <span class='ocrx_word' id='word_1_234' title='bbox 983 3047 1159 3103; x_wconf 91' lang='lat' dir='ltr'>terrarum-</span> 
     </span>
     <span class='ocr_line' id='line_1_31' title="bbox 100 3139 1159 3221; baseline 0.002 -19"><span class='ocrx_word' id='word_1_235' title='bbox 100 3160 163 3221; x_wconf 91' lang='lat' dir='ltr'>que</span> <span class='ocrx_word' id='word_1_236' title='bbox 181 3160 263 3216; x_wconf 90' lang='lat' dir='ltr'>oras,</span> <span class='ocrx_word' id='word_1_237' title='bbox 274 3139 492 3218; x_wconf 90' lang='lat' dir='ltr'>ablegandum</span> <span class='ocrx_word' id='word_1_238' title='bbox 506 3160 555 3215; x_wconf 86' lang='lat' dir='ltr'>ee,</span> <span class='ocrx_word' id='word_1_239' title='bbox 566 3140 653 3202; x_wconf 91' lang='lat' dir='ltr'>unde</span> <span class='ocrx_word' id='word_1_240' title='bbox 667 3160 725 3203; x_wconf 91' lang='lat' dir='ltr'>nec</span> <span class='ocrx_word' id='word_1_241' title='bbox 740 3140 782 3201; x_wconf 91' lang='lat' dir='ltr'>ad</span> <span class='ocrx_word' id='word_1_242' title='bbox 797 3160 856 3201; x_wconf 93' lang='lat' dir='ltr'>nos</span> <span class='ocrx_word' id='word_1_243' title='bbox 870 3159 989 3202; x_wconf 92' lang='lat' dir='ltr'>nomen</span> <span class='ocrx_word' id='word_1_244' title='bbox 1003 3141 1159 3220; x_wconf 86' lang='lat' dir='ltr'>famaque</span> 
     </span>
     <span class='ocr_line' id='line_1_32' title="bbox 99 3239 1159 3319; baseline 0 -17"><span class='ocrx_word' id='word_1_245' title='bbox 99 3241 168 3303; x_wconf 93' lang='lat' dir='ltr'>eius</span> <span class='ocrx_word' id='word_1_246' title='bbox 184 3239 328 3302; x_wconf 88' lang='lat' dir='ltr'>accidere</span> <span class='ocrx_word' id='word_1_247' title='bbox 343 3259 449 3318; x_wconf 91' lang='lat' dir='ltr'>neque</span> <span class='ocrx_word' id='word_1_248' title='bbox 466 3240 518 3302; x_wconf 93' lang='lat' dir='ltr'>ille</span> <span class='ocrx_word' id='word_1_249' title='bbox 533 3239 708 3302; x_wconf 89' lang='lat' dir='ltr'>sollicitare</span> <span class='ocrx_word' id='word_1_250' title='bbox 724 3240 854 3319; x_wconf 94' lang='lat' dir='ltr'>quietae</span> <span class='ocrx_word' id='word_1_251' title='bbox 871 3240 1016 3301; x_wconf 90' lang='lat' dir='ltr'>civitatis</span> <span class='ocrx_word' id='word_1_252' title='bbox 1032 3246 1159 3302; x_wconf 90' lang='lat' dir='ltr'>statum</span> 
     </span>
     <span class='ocr_line' id='line_1_33' title="bbox 51 3338 1158 3419; baseline 0.005 -23"><span class='ocrx_word' id='word_1_253' title='bbox 51 3351 79 3396; x_wconf 84' lang='grc'>13</span> <span class='ocrx_word' id='word_1_254' title='bbox 100 3346 219 3419; x_wconf 89' lang='lat' dir='ltr'>posset.</span> <span class='ocrx_word' id='word_1_255' title='bbox 265 3340 334 3419; x_wconf 87' lang='lat' dir='ltr'>Ego</span> <span class='ocrx_word' id='word_1_256' title='bbox 358 3339 405 3401; x_wconf 89' lang='lat' dir='ltr'>ita</span> <span class='ocrx_word' id='word_1_257' title='bbox 430 3359 553 3414; x_wconf 84' lang='lat' dir='ltr'>cense0,</span> <span class='ocrx_word' id='word_1_258' title='bbox 579 3339 703 3418; x_wconf 87' lang='lat' dir='ltr'>legatos</span> <span class='ocrx_word' id='word_1_259' title='bbox 726 3338 893 3418; x_wconf 85' lang='lat' dir='ltr'>extemplo</span> <span class='ocrx_word' id='word_1_260' title='bbox 918 3339 1060 3400; x_wconf 87' lang='lat' dir='ltr'>Romam</span> <span class='ocrx_word' id='word_1_261' title='bbox 1083 3341 1158 3402; x_wconf 89' lang='lat' dir='ltr'>mit-</span> 
     </span>
     <span class='ocr_line' id='line_1_34' title="bbox 100 3438 1158 3519; baseline 0.001 -17"><span class='ocrx_word' id='word_1_262' title='bbox 100 3440 217 3502; x_wconf 89' lang='lat' dir='ltr'>tendos</span> <span class='ocrx_word' id='word_1_263' title='bbox 254 3440 310 3519; x_wconf 92' lang='lat' dir='ltr'>qui</span> <span class='ocrx_word' id='word_1_264' title='bbox 347 3439 475 3501; x_wconf 88' lang='lat' dir='ltr'>senatui</span> <span class='ocrx_word' id='word_1_265' title='bbox 512 3438 728 3513; x_wconf 87' lang='lat' dir='ltr'>satisfaciant,</span> <span class='ocrx_word' id='word_1_266' title='bbox 767 3439 847 3500; x_wconf 90' lang='lat' dir='ltr'>alios</span> <span class='ocrx_word' id='word_1_267' title='bbox 884 3439 941 3517; x_wconf 93' lang='lat' dir='ltr'>qui</span> <span class='ocrx_word' id='word_1_268' title='bbox 979 3439 1158 3503; x_wconf 90' lang='lat' dir='ltr'>Hannibali</span> 
     </span>
     <span class='ocr_line' id='line_1_35' title="bbox 100 3537 1159 3619; baseline 0.001 -18"><span class='ocrx_word' id='word_1_269' title='bbox 100 3540 254 3603; x_wconf 92' lang='lat' dir='ltr'>nuntient</span> <span class='ocrx_word' id='word_1_270' title='bbox 281 3546 319 3603; x_wconf 91' lang='lat' dir='ltr'>ut</span> <span class='ocrx_word' id='word_1_271' title='bbox 346 3538 526 3602; x_wconf 86' lang='lat' dir='ltr'>exereitum</span> <span class='ocrx_word' id='word_1_272' title='bbox 553 3537 596 3600; x_wconf 90' lang='lat' dir='ltr'>ab</span> <span class='ocrx_word' id='word_1_273' title='bbox 624 3539 771 3617; x_wconf 85' lang='lat' dir='ltr'>Sagunto</span> <span class='ocrx_word' id='word_1_274' title='bbox 798 3537 955 3613; x_wconf 89' lang='lat' dir='ltr'>abducat,</span> <span class='ocrx_word' id='word_1_275' title='bbox 984 3538 1159 3619; x_wconf 89' lang='lat' dir='ltr'>ipsumque</span> 
     </span>
    </p>
   </div>
   <div class='ocr_carea' id='block_1_7' title="bbox 0 0 1252 3908">
    <p class='ocr_par' dir='ltr' id='par_1_7' title="bbox 0 0 1252 3908">
     <span class='ocr_line' id='line_1_36' title="bbox 0 0 1252 3908; baseline 0 0"><span class='ocrx_word' id='word_1_276' title='bbox 0 0 1252 3908; x_wconf 95' lang='lat' dir='ltr'> </span> 
     </span>
    </p>
   </div>
  </div>
 </body>
</html>
