2496 3908
86 206 126 268 30
567 217 658 267 nrvr
956 221 1053 286 [3001
1067 224 1130 273 xxi.

84 391 266 471 postularet
303 393 443 472 populus
480 394 660 481 Romanus,
700 393 859 459 Hiberum
897 397 1064 474 trajeoisse
1098 399 1133 461 ad

84 491 258 554 delendum
297 512 416 555 nomen
455 492 680 556 Romanorum
719 495 990 577 liberandumque
1029 498 1135 562 orbem

48 610 63 654 4
84 598 253 654 terrarum.
299 592 383 654 Tum
409 593 530 674 nemini
557 594 663 654 visum
690 593 722 655 id
748 593 891 673 longum,
919 615 995 658 oum
1020 598 1065 660 ab
1089 618 1136 673 oe-

47 708 62 753 5
84 711 160 767 nasu
182 692 258 755 solis
279 692 322 754 ad
344 698 478 754 exortus
501 692 707 757 intenderent
731 694 806 770 iter;
841 703 944 771 nuno,¹
962 703 1137 777 postquam

82 792 188 854 multo
215 793 371 855 maiorem
398 800 527 870 partem
555 793 679 854 itineris
706 780 872 867 emensam
901 803 1049 880 cernant,
1079 799 1138 876 Py·

82 912 236 956 renaeum
269 893 390 955 saltum
424 893 510 954 inter
542 892 757 955 ferocissimas
790 900 903 971 gentes
935 904 1138 975 superatum,
1180 920 1182 957 :

82 991 291 1068 Rhodanum,
312 999 445 1055 tantum
464 1012 605 1067 amnem,
626 998 677 1054 tot
696 992 827 1055 milibus
845 993 1014 1056 Gallorum
1032 997 1141 1075 probi·
1180 1048 1182 1053 ,

82 1092 245 1168 bentibus,
271 1092 396 1171 domita
421 1092 521 1155 etiarn
546 1092 646 1171 ipsius
670 1092 813 1154 fluminis
837 1094 872 1154 vi
897 1095 1083 1173 traiectum,
1108 1097 1141 1158 in

83 1198 258 1271 conspeetu
283 1193 374 1271 Alpis
400 1192 554 1267 habeant,
581 1212 720 1271 quarum
745 1193 885 1255 altemm
911 1194 999 1257 latus
1024 1196 1142 1260 Italiae

46 1293 134 1368 osit,
163 1293 196 1352 in
224 1293 301 1371 ipsis
329 1293 432 1370 portis
460 1291 604 1354 hostium
632 1293 789 1372 fatigatos
817 1293 993 1361 subsistere
1006 1329 1048 1338 —
1061 1297 1141 1376 quid

82 1392 173 1471 Alpis
199 1392 288 1454 aliud
315 1411 384 1454 esse
412 1391 579 1456 eredentes
606 1411 706 1471 quam
733 1393 896 1454 montium
923 1393 1142 1458 altitudines?

46 1508 59 1555 r
82 1493 256 1573 Fingerent
277 1492 408 1554 altiores
429 1492 586 1569 Pyrenaei
609 1492 707 1571 iugis:
739 1492 845 1554 nullas
866 1493 1015 1580 proiecto
1037 1500 1143 1558 terras

82 1592 207 1654 eaelum
240 1592 425 1671 contingere
457 1611 514 1654 nee
547 1591 822 1671 inexsuperabiles
853 1591 999 1655 humano
1030 1595 1141 1672 generi

80 1713 158 1756 esse.
203 1692 294 1770 Alpis
323 1692 455 1771 quidem
484 1691 638 1767 habitari,
669 1693 739 1767 ooli,
768 1692 898 1773 gignere
926 1699 1058 1775 atque
1055 1695 1142 1771 alere

44 1793 228 1855 sanimant
230 1812 279 1854 es:
318 1793 446 1870 pervias
472 1791 576 1865 faucis
602 1811 670 1854 esse
696 1792 902 1854 exercitibus
947 1793 1048 1855 Eos
1040 1806 1146 1873 ipsos,

80 1912 162 1973 quos
191 1899 334 1967 cernant,
365 1892 489 1969 legatos
518 1912 583 1953 non
612 1892 719 1970 pinnis
748 1869 885 1983 sublime
913 1892 979 1955 elat
966 1898 1017 1954 tos
1046 1893 1141 1973 Alpis

80 1999 305 2072 transgressos
351 1991 400 2052 Ne
423 1992 561 2053 maiores
586 1992 717 2070 quidem
741 2011 853 2053 eorum
877 1991 1056 2070 indigenas,
1082 1993 1141 2056 sed

79 2093 224 2155 advenas
244 2091 360 2153 ltaliae
381 2090 520 2153 cultores
540 2091 625 2152 has
619 2112 705 2170 ipsas
724 2090 816 2169 Alpis
836 2091 1023 2168 ingentibus
1042 2112 1141 2173 saepe

79 2191 264 2271 agminibus
289 2209 363 2251 eum
388 2189 496 2253 liberis
522 2211 559 2252 ao
586 2191 776 2269 coniugibus
802 2191 1013 2269 migrantium
1039 2193 1140 2256 modo

43 2298 154 2357 stuto
187 2290 404 2353 transmisisse
459 2290 555 2352 Militi
530 2291 729 2375 tquidem
754 2297 882 2352 armato
915 2289 994 2352 nihil
993 2311 1141 2396 ,spemn

79 2398 172 2471 praet
174 2410 208 2453 er
159 2391 424 2453 tinstrument
411 2396 445 2451 ta
465 2390 540 2452 belli
560 2391 704 2468 portant
697 2411 706 2450 1
714 2390 832 2469 quid
824 2374 951 2473 invium
956 2371 1056 2453 aut'
1046 2411 1140 2475 mex-

80 2490 261 2573 superabile
282 2491 373 2551 esse?
417 2490 600 2567 Saguntum
622 2495 659 2551 ut
682 2496 860 2569 caperetur,
879 2466 962 2568 quid
984 2510 1042 2568 per
1062 2498 1139 2554 octo

31 2613 59 2657 10
80 2610 206 2654 menses
226 2588 370 2669 periculi,
393 2589 472 2668 quid
494 2589 614 2650 laboris
634 2589 832 2651 exhaustum
853 2592 938 2651 esse!
983 2588 1138 2667 Romam,

81 2697 180 2770 eaput
196 2689 283 2752 orbis
300 2696 471 2763 terrarum,
488 2688 678 2775 petentibus
693 2689 870 2767 quiequam
886 2688 967 2750 adeo
983 2709 1139 2784 afflui

31 2810 58 2856 11
80 2797 180 2870 atque
203 2789 343 2851 arduum
366 2787 468 2849 videri
492 2787 580 2866 quod
604 2788 771 2865 inceptum
794 2790 962 2849 moretur?
1005 2788 1137 2868 eriese

81 2890 248 2971 quondam
279 2888 389 2950 Gallos
419 2907 467 2961 ea,
491 2906 576 2965 quae
598 2887 680 2969 adiri
704 2906 797 2964 posse
822 2888 950 2948 Poenus
974 2887 1135 2966 desperet.

82 2990 222 3052 Proinde
256 2995 314 3050 aut
349 2986 499 3049 oederent
533 2986 643 3047 animo
677 2992 777 3064 atque
811 2986 935 3048 virtute
957 2987 1046 3065 genti
1077 3007 1137 3067 per

81 3111 136 3154 eos
156 3090 224 3152 dies
244 3088 365 3150 totiens
395 3086 437 3148 ab
467 3106 501 3148 se
529 3086 637 3147 victae
658 3091 717 3147 aut
737 3086 862 3147 itineris
883 3087 980 3147 finem
1004 3094 1137 3164 sperent

83 3209 236 3268 eampum
252 3187 497 3249 interiacentem
512 3185 620 3247 Tiberi
636 3205 674 3246 ae
690 3184 860 3246 moenibus
876 3185 1069 3279 Romanis.)

29 3307 70 3356 81
126 3290 185 3351 His
205 3286 490 3350 adhortationibus
511 3285 665 3346 incitatos
686 3303 820 3361 corpora
842 3304 953 3346 curare
973 3290 1074 3363 atque
1095 3286 1138 3348 ad

42 3406 57 3451 2
82 3390 143 3451 iter
162 3408 195 3449 se
216 3406 329 3465 parare
350 3385 450 3447 iubet.
496 3384 630 3445 Postero
651 3384 703 3445 die
723 3383 888 3461 profectus
908 3383 1046 3444 adversa
1067 3385 1139 3462 ripa

61 3486 234 3550 'Rhodani
254 3484 490 3547 mediterranea
512 3482 635 3544 Galliae
655 3482 750 3560 petit,
772 3501 838 3542 non
859 3482 936 3560 quia
956 3483 1076 3544 rectior
1095 3483 1137 3544 ad
