2496 3908
137 214 177 277 70
611 221 700 270 arvi·
992 207 1176 287 [aooxxxrr

101 413 115 456 a
136 419 193 479 per
212 399 432 479 quadriduum
452 400 517 460 iam
537 405 571 461 et
591 405 657 461 tres
677 404 789 461 noctes
809 398 978 462 toleratae.
1024 399 1107 462 Cum
1125 420 1177 463 orn·

137 500 190 560 nia
209 499 434 562 obtinentibus
453 499 547 578 aquis
565 497 655 573 nihil,
676 498 732 560 ubi
752 499 785 559 in
802 498 886 561 sicco
904 499 992 562 fessa
1011 504 1179 563 atemereut

100 610 116 655 9
137 619 281 678 corpora,
302 599 438 661 inveniri
457 604 578 677 posset,
600 597 774 661 cumulatis
794 598 828 659 in
847 618 933 685 aqua
952 599 1090 662 sarcinis
1108 600 1179 662 insu

136 719 193 778 per
218 698 453 761 incumbebant
478 704 537 760 aut
564 698 785 760 iumentorum
811 698 926 761 itinere
939 702 1026 763 'toto
1053 705 1181 779 prostra-

136 807 245 862 torum
267 799 388 876 passim
410 798 518 859 acervi
541 804 674 860 tantum
696 797 786 877 quod
807 803 952 861 exstaret
979 819 1069 879 aqua
1095 818 1181 880 quae-

136 898 282 961 rentibus
307 897 349 959 ad
375 897 519 977 quietem
544 897 638 975 parvi
663 897 819 975 temporis
844 898 1065 961 necessarium
1091 897 1183 961 cubile

88 1007 115 1050 10
136 998 271 1060 dabant.
317 999 391 1076 Ipse
417 997 593 1072 Hannibal,
619 1015 713 1075 aeger
737 997 838 1058 oculis
860 1017 902 1059 ex
925 1016 1027 1060 verna
1053 998 1183 1077 primum

88 1120 112 1164 n
136 1097 326 1176 intemperie
339 1096 488 1157 variante
505 1095 625 1157 calores
637 1096 832 1176 frigoraque,
843 1095 1031 1175 elephanto,
1043 1098 1101 1176 qui
1111 1115 1184 1160 unm

136 1197 350 1275 superfuerat,
373 1216 439 1274 quo
462 1195 561 1257 altius
583 1195 625 1256 ab
648 1215 735 1274 aqua
757 1202 911 1270 exstaret,
935 1203 1064 1272 vectus,
1081 1196 1185 1276 vigiliis
1222 1252 1224 1265 ,

136 1303 247 1358 tamen
278 1303 311 1359 et
343 1302 504 1358 nocturno
535 1314 647 1356 umore
679 1295 882 1373 palustrique
914 1294 1004 1357 caelo
1035 1300 1186 1375 gravante
1221 1276 1224 1293 ¹

137 1403 246 1475 caput,
265 1403 298 1458 et
317 1396 393 1474 quia
412 1394 563 1456 medendi
581 1414 639 1456 nec
657 1394 747 1456 locus
764 1414 823 1456 nec
841 1400 972 1473 tempus
989 1401 1074 1473 erat,
1092 1395 1186 1459 altero

137 1497 229 1558 oculo
247 1496 384 1574 capitur.

99 1610 121 1658 3
178 1596 290 1657 Multis
312 1595 498 1657 hominibus
520 1594 739 1674 iumentisque
760 1594 854 1657 foede
876 1595 1003 1657 amissis
1025 1615 1102 1658 cum
1123 1601 1187 1659 tan·

136 1697 210 1758 dem
228 1696 268 1758 de
284 1694 459 1773 paludibus
475 1695 668 1769 emersisset,
686 1694 743 1756 ubi
760 1695 902 1773 primum
919 1695 952 1755 in
969 1695 1056 1758 sicco
1073 1695 1187 1775 potuit,

136 1802 242 1858 castra
280 1795 377 1869 locat,
417 1801 607 1873 certumque
644 1813 702 1872 per
739 1795 933 1872 praemissos
970 1794 1188 1873 exploratores

135 1895 251 1957 habuit
280 1894 460 1956 exercitum
490 1894 677 1955 Romanum
708 1894 790 1954 circa
819 1893 927 1956 Arreti
956 1895 1087 1956 moenia
1115 1913 1188 1957 esse,

99 2007 113 2050 2
135 1994 282 2057 Consulis
298 1993 414 2055 deinde
431 1993 563 2054 consilia
579 2000 680 2072 atque
695 1993 843 2054 animum
858 2000 891 2055 et
907 1993 1008 2055 situm
1024 1995 1189 2074 regionum

134 2096 316 2173 itineraque
333 2099 365 2155 et
384 2093 492 2171 copias
509 2093 551 2154 ad
569 2099 770 2155 commeatus
787 2092 1007 2171 expediendos
1023 2099 1057 2157 et
1076 2077 1189 2169 cetera,
1222 2136 1224 2145 ·

135 2214 219 2274 quae
243 2213 396 2271 cognosse
417 2193 450 2252 in
473 2212 540 2254 rem
562 2198 642 2266 erat,
666 2211 794 2254 summa
817 2193 927 2254 omnia
950 2212 1024 2254 cum
1047 2213 1126 2256 cura
1147 2194 1189 2254 in·

99 2293 294 2374 aquirendo
327 2292 576 2371 exsequebatur.
623 2292 725 2370 Regio
759 2299 829 2355 erat
863 2293 896 2352 in
930 2293 1043 2371 primis
1078 2294 1190 2357 Italiae

134 2394 259 2467 fertilis,
287 2393 417 2455 Etrusci
445 2392 560 2470 campi,
588 2392 644 2470 qui
672 2392 825 2454 Faesulas
851 2392 936 2454 inter
960 2393 1190 2473 Arretiumque

135 2495 252 2568 iacent,
274 2492 430 2553 frumenti
450 2512 488 2552 ac
508 2492 631 2570 pecoris
651 2497 684 2553 et
705 2492 852 2552 omnium
873 2492 965 2570 copia
985 2512 1095 2555 rerum
1115 2512 1190 2572 opu-

100 2593 230 2668 4lenti;
273 2592 382 2654 consul
412 2591 504 2653 ferox
532 2591 574 2653 ab
604 2592 776 2653 consulatu
804 2592 910 2670 priore
938 2597 971 2655 et
1000 2612 1067 2654 non
1097 2592 1191 2656 modo

135 2694 243 2771 legum
260 2698 318 2754 aut
335 2698 467 2770 patrum
484 2692 666 2753 maiestatis
683 2692 738 2753 sed
756 2712 795 2754 ne
812 2692 947 2754 deorum
964 2692 1099 2771 quidem
1115 2693 1191 2756 satis

137 2800 294 2856 metuens,
342 2793 436 2852 Hanc
469 2791 601 2852 insitam
635 2791 762 2868 ingenio
789 2791 857 2853 eius
887 2792 1110 2855 temeritatem
1131 2793 1192 2856 for·

137 2902 218 2956 tuna
235 2912 389 2972 prospero
408 2890 556 2953 civilibus
573 2891 759 2969 bellicisque
777 2891 872 2953 rebus
889 2911 1039 2954 successu
1056 2893 1190 2956 aluerat.

101 3006 115 3049 5
138 2995 256 3073 ltaque
271 2991 351 3053 satis
367 2990 549 3069 apparebat
565 3010 623 3052 nec
640 2990 717 3052 deos
733 3010 790 3052 neo
807 2990 955 3053 homines
971 2992 1192 3056 consulentem

136 3092 287 3154 ferociter
304 3090 413 3152 omnia
431 3111 468 3151 ac
486 3109 700 3168 praepropere
718 3096 885 3165 acturum;
915 3110 1046 3170 quoque
1063 3092 1194 3170 pronior

137 3199 221 3255 esset
250 3192 283 3251 in
313 3191 395 3252 vitia
425 3210 494 3264 sua,
524 3190 648 3267 agitare
676 3209 750 3251 eum
779 3196 880 3268 atque
908 3190 1034 3252 irritare
1067 3193 1193 3255 Poenus

102 3297 243 3372 operat,
278 3297 311 3353 et
343 3291 437 3352 laeva
471 3289 582 3351 relicto
616 3288 708 3351 hoste
742 3290 895 3351 Faesulas
928 3297 1053 3368 petens
1087 3292 1193 3355 medio

139 3391 289 3454 Etruriae
313 3410 389 3468 agro
413 3389 608 3467 praedatum
631 3389 806 3467 profectus
831 3397 992 3468 quantam
1015 3392 1194 3453 maximam

140 3491 331 3553 vastitatem
360 3495 470 3568 potest
499 3487 652 3549 caedibus
681 3488 902 3567 incendiisque
932 3490 1054 3551 consuli
1083 3490 1192 3569 procul
