<?xml version="1.0" encoding="UTF-8"?>
<!DOCTYPE html PUBLIC "-//W3C//DTD XHTML 1.0 Transitional//EN"
    "http://www.w3.org/TR/xhtml1/DTD/xhtml1-transitional.dtd">
<html xmlns="http://www.w3.org/1999/xhtml" xml:lang="en" lang="en">
 <head>
  <title>
</title>
<meta http-equiv="Content-Type" content="text/html;charset=utf-8" />
  <meta name='ocr-system' content='tesseract 3.04.00' />
  <meta name='ocr-capabilities' content='ocr_page ocr_carea ocr_par ocr_line ocrx_word'/>
</head>
<body>
  <div class='ocr_page' id='page_1' title='image "./livysecondpunic00livygoog_0151.png"; bbox 0 0 2496 3908; ppageno 0'>
   <div class='ocr_carea' id='block_1_1' title="bbox 130 240 1184 320">
    <p class='ocr_par' dir='ltr' id='par_1_1' title="bbox 130 240 1184 320">
     <span class='ocr_line' id='line_1_1' title="bbox 130 240 1184 320; baseline 0.007 -19"><span class='ocrx_word' id='word_1_1' title='bbox 130 240 193 302; x_wconf 80' lang='grc'>124</span> <span class='ocrx_word' id='word_1_2' title='bbox 608 252 698 301; x_wconf 79' lang='lat' dir='ltr'>Lrvr</span> <span class='ocrx_word' id='word_1_3' title='bbox 958 255 1184 320; x_wconf 73' lang='lat' dir='ltr'>[nooxxxvn.</span> 
     </span>
    </p>
   </div>
   <div class='ocr_carea' id='block_1_2' title="bbox 12 425 1208 3600">
    <p class='ocr_par' dir='ltr' id='par_1_2' title="bbox 12 425 1208 3600">
     <span class='ocr_line' id='line_1_2' title="bbox 128 425 1183 509; baseline 0.007 -22"><span class='ocrx_word' id='word_1_4' title='bbox 128 426 257 505; x_wconf 88' lang='lat' dir='ltr'>ignibus</span> <span class='ocrx_word' id='word_1_5' title='bbox 272 425 381 504; x_wconf 90' lang='lat' dir='ltr'>vigilia</span> <span class='ocrx_word' id='word_1_6' title='bbox 396 427 501 506; x_wconf 91' lang='lat' dir='ltr'>prima</span> <span class='ocrx_word' id='word_1_7' title='bbox 517 427 596 489; x_wconf 90' lang='lat' dir='ltr'>dato</span> <span class='ocrx_word' id='word_1_8' title='bbox 611 428 712 505; x_wconf 91' lang='lat' dir='ltr'>signo,</span> <span class='ocrx_word' id='word_1_9' title='bbox 729 434 767 490; x_wconf 93' lang='lat' dir='ltr'>ut</span> <span class='ocrx_word' id='word_1_10' title='bbox 782 429 875 490; x_wconf 88' lang='lat' dir='ltr'>taciti</span> <span class='ocrx_word' id='word_1_11' title='bbox 890 449 970 492; x_wconf 87' lang='lat' dir='ltr'>vasa</span> <span class='ocrx_word' id='word_1_12' title='bbox 987 430 1183 509; x_wconf 79' lang='lat' dir='ltr'>colligerent,</span> 
     </span>
     <span class='ocr_line' id='line_1_3' title="bbox 92 511 1184 605; baseline 0.004 -14"><span class='ocrx_word' id='word_1_13' title='bbox 92 547 108 591; x_wconf 85' lang='lat'><strong>9</strong></span> <span class='ocrx_word' id='word_1_14' title='bbox 128 528 220 605; x_wconf 89' lang='lat' dir='ltr'>signa</span> <span class='ocrx_word' id='word_1_15' title='bbox 242 526 317 589; x_wconf 88' lang='lat' dir='ltr'>ferri</span> <span class='ocrx_word' id='word_1_16' title='bbox 340 526 443 588; x_wconf 91' lang='lat' dir='ltr'>iussit.</span> <span class='ocrx_word' id='word_1_17' title='bbox 489 527 528 587; x_wconf 93' lang='lat' dir='ltr'>In</span> <span class='ocrx_word' id='word_1_18' title='bbox 552 527 771 605; x_wconf 77' lang='lat' dir='ltr'>trepidatione</span> <span class='ocrx_word' id='word_1_19' title='bbox 794 535 828 591; x_wconf 92' lang='lat' dir='ltr'>et</span> <span class='ocrx_word' id='word_1_20' title='bbox 850 511 1013 592; x_wconf 87' lang='lat' dir='ltr'>nocturno</span> <span class='ocrx_word' id='word_1_21' title='bbox 1038 532 1184 595; x_wconf 90' lang='lat' dir='ltr'>tumultu</span> 
     </span>
     <span class='ocr_line' id='line_1_4' title="bbox 128 626 1184 706; baseline 0.005 -16"><span class='ocrx_word' id='word_1_22' title='bbox 128 628 226 690; x_wconf 91' lang='lat' dir='ltr'>duces</span> <span class='ocrx_word' id='word_1_23' title='bbox 239 645 355 706; x_wconf 90' lang='lat' dir='ltr'>parum</span> <span class='ocrx_word' id='word_1_24' title='bbox 369 626 494 688; x_wconf 88' lang='lat' dir='ltr'>intente</span> <span class='ocrx_word' id='word_1_25' title='bbox 508 626 684 702; x_wconf 89' lang='lat' dir='ltr'>adservati,</span> <span class='ocrx_word' id='word_1_26' title='bbox 699 626 782 690; x_wconf 88' lang='lat' dir='ltr'>alter</span> <span class='ocrx_word' id='word_1_27' title='bbox 793 627 827 688; x_wconf 92' lang='lat' dir='ltr'>in</span> <span class='ocrx_word' id='word_1_28' title='bbox 840 628 1014 692; x_wconf 91' lang='lat' dir='ltr'>destinatis</span> <span class='ocrx_word' id='word_1_29' title='bbox 1028 631 1097 693; x_wconf 92' lang='lat' dir='ltr'>iam</span> <span class='ocrx_word' id='word_1_30' title='bbox 1109 638 1184 696; x_wconf 89' lang='lat' dir='ltr'>ante</span> 
     </span>
     <span class='ocr_line' id='line_1_5' title="bbox 127 725 1184 806; baseline 0.005 -16"><span class='ocrx_word' id='word_1_31' title='bbox 127 729 236 790; x_wconf 91' lang='lat' dir='ltr'>animo</span> <span class='ocrx_word' id='word_1_32' title='bbox 259 726 392 788; x_wconf 89' lang='lat' dir='ltr'>latebris</span> <span class='ocrx_word' id='word_1_33' title='bbox 415 725 573 802; x_wconf 83' lang='lat' dir='ltr'>subsedit,</span> <span class='ocrx_word' id='word_1_34' title='bbox 597 725 682 789; x_wconf 91' lang='lat' dir='ltr'>alter</span> <span class='ocrx_word' id='word_1_35' title='bbox 703 746 760 806; x_wconf 90' lang='lat' dir='ltr'>per</span> <span class='ocrx_word' id='word_1_36' title='bbox 783 727 869 789; x_wconf 89' lang='lat' dir='ltr'>vada</span> <span class='ocrx_word' id='word_1_37' title='bbox 891 734 973 791; x_wconf 91' lang='lat' dir='ltr'>nota</span> <span class='ocrx_word' id='word_1_38' title='bbox 996 729 1184 795; x_wconf 83' lang='lat' dir='ltr'>Metaurum</span> 
     </span>
     <span class='ocr_line' id='line_1_6' title="bbox 127 826 1183 912; baseline 0.006 -22"><span class='ocrx_word' id='word_1_39' title='bbox 127 830 247 892; x_wconf 89' lang='lat' dir='ltr'>flumen</span> <span class='ocrx_word' id='word_1_40' title='bbox 266 826 422 892; x_wconf 90' lang='lat' dir='ltr'>tranavit.</span> <span class='ocrx_word' id='word_1_41' title='bbox 468 827 521 889; x_wconf 92' lang='lat' dir='ltr'>lta</span> <span class='ocrx_word' id='word_1_42' title='bbox 540 826 706 889; x_wconf 87' lang='lat' dir='ltr'>desertum</span> <span class='ocrx_word' id='word_1_43' title='bbox 724 827 766 889; x_wconf 92' lang='lat' dir='ltr'>ab</span> <span class='ocrx_word' id='word_1_44' title='bbox 786 828 923 890; x_wconf 89' lang='lat' dir='ltr'>ducibus</span> <span class='ocrx_word' id='word_1_45' title='bbox 941 832 1061 907; x_wconf 85' lang='lat' dir='ltr'>agmen</span> <span class='ocrx_word' id='word_1_46' title='bbox 1080 833 1183 912; x_wconf 90' lang='lat' dir='ltr'>primo</span> 
     </span>
     <span class='ocr_line' id='line_1_7' title="bbox 127 927 1183 1011; baseline 0.003 -19"><span class='ocrx_word' id='word_1_47' title='bbox 127 950 185 1010; x_wconf 87' lang='lat' dir='ltr'>per</span> <span class='ocrx_word' id='word_1_48' title='bbox 215 948 308 1007; x_wconf 90' lang='lat' dir='ltr'>agros</span> <span class='ocrx_word' id='word_1_49' title='bbox 340 927 481 1008; x_wconf 90' lang='lat' dir='ltr'>palatur,</span> <span class='ocrx_word' id='word_1_50' title='bbox 515 927 656 1006; x_wconf 87' lang='lat' dir='ltr'>fessique</span> <span class='ocrx_word' id='word_1_51' title='bbox 688 927 815 1007; x_wconf 83' lang='lat' dir='ltr'>aliquot</span> <span class='ocrx_word' id='word_1_52' title='bbox 846 929 961 992; x_wconf 90' lang='lat' dir='ltr'>itinere</span> <span class='ocrx_word' id='word_1_53' title='bbox 994 950 1034 993; x_wconf 88' lang='lat' dir='ltr'>ao</span> <span class='ocrx_word' id='word_1_54' title='bbox 1067 932 1183 1011; x_wconf 91' lang='lat' dir='ltr'>vigiliis</span> 
     </span>
     <span class='ocr_line' id='line_1_8' title="bbox 126 1027 1182 1109; baseline 0.003 -17"><span class='ocrx_word' id='word_1_55' title='bbox 126 1036 277 1092; x_wconf 89' lang='lat' dir='ltr'>sternunt</span> <span class='ocrx_word' id='word_1_56' title='bbox 301 1048 415 1090; x_wconf 91' lang='lat' dir='ltr'>somno</span> <span class='ocrx_word' id='word_1_57' title='bbox 443 1047 577 1107; x_wconf 87' lang='lat' dir='ltr'>corpora</span> <span class='ocrx_word' id='word_1_58' title='bbox 603 1027 725 1105; x_wconf 89' lang='lat' dir='ltr'>passim</span> <span class='ocrx_word' id='word_1_59' title='bbox 756 1034 856 1106; x_wconf 89' lang='lat' dir='ltr'>atque</span> <span class='ocrx_word' id='word_1_60' title='bbox 887 1029 1111 1109; x_wconf 88' lang='lat' dir='ltr'>infrequentia</span> <span class='ocrx_word' id='word_1_61' title='bbox 1137 1053 1182 1095; x_wconf 81' lang='lat' dir='ltr'>re·</span> 
     </span>
     <span class='ocr_line' id='line_1_9' title="bbox 76 1126 1182 1208; baseline 0.007 -21"><span class='ocrx_word' id='word_1_62' title='bbox 76 1141 105 1187; x_wconf 90' lang='lat'>10</span> <span class='ocrx_word' id='word_1_63' title='bbox 125 1128 279 1208; x_wconf 91' lang='lat' dir='ltr'>linquunt</span> <span class='ocrx_word' id='word_1_64' title='bbox 305 1129 406 1205; x_wconf 90' lang='lat' dir='ltr'>signa.</span> <span class='ocrx_word' id='word_1_65' title='bbox 452 1126 650 1202; x_wconf 86' lang='lat' dir='ltr'>Hasdrubal,</span> <span class='ocrx_word' id='word_1_66' title='bbox 679 1128 759 1190; x_wconf 92' lang='lat' dir='ltr'>dum</span> <span class='ocrx_word' id='word_1_67' title='bbox 784 1127 842 1190; x_wconf 86' lang='lat' dir='ltr'>lux</span> <span class='ocrx_word' id='word_1_68' title='bbox 867 1128 956 1190; x_wconf 89' lang='lat' dir='ltr'>viam</span> <span class='ocrx_word' id='word_1_69' title='bbox 983 1131 1182 1207; x_wconf 88' lang='lat' dir='ltr'>ostenderet,</span> 
     </span>
     <span class='ocr_line' id='line_1_10' title="bbox 125 1227 1183 1308; baseline 0.005 -19"><span class='ocrx_word' id='word_1_70' title='bbox 125 1230 195 1308; x_wconf 87' lang='lat' dir='ltr'>ripa</span> <span class='ocrx_word' id='word_1_71' title='bbox 212 1228 353 1291; x_wconf 91' lang='lat' dir='ltr'>fluminis</span> <span class='ocrx_word' id='word_1_72' title='bbox 369 1227 461 1304; x_wconf 91' lang='lat' dir='ltr'>signa</span> <span class='ocrx_word' id='word_1_73' title='bbox 477 1227 552 1289; x_wconf 88' lang='lat' dir='ltr'>ferri</span> <span class='ocrx_word' id='word_1_74' title='bbox 569 1227 671 1303; x_wconf 91' lang='lat' dir='ltr'>iubet,</span> <span class='ocrx_word' id='word_1_75' title='bbox 689 1235 723 1291; x_wconf 89' lang='lat' dir='ltr'>et</span> <span class='ocrx_word' id='word_1_76' title='bbox 740 1248 797 1306; x_wconf 88' lang='lat' dir='ltr'>per</span> <span class='ocrx_word' id='word_1_77' title='bbox 813 1228 952 1291; x_wconf 89' lang='lat' dir='ltr'>tortuosi</span> <span class='ocrx_word' id='word_1_78' title='bbox 969 1230 1078 1292; x_wconf 90' lang='lat' dir='ltr'>amnis</span> <span class='ocrx_word' id='word_1_79' title='bbox 1094 1231 1183 1293; x_wconf 89' lang='lat' dir='ltr'>sinus</span> 
     </span>
     <span class='ocr_line' id='line_1_11' title="bbox 125 1326 1182 1410; baseline 0.004 -20"><span class='ocrx_word' id='word_1_80' title='bbox 125 1329 292 1407; x_wconf 88' lang='lat' dir='ltr'>flexusque</span> <span class='ocrx_word' id='word_1_81' title='bbox 311 1347 384 1389; x_wconf 91' lang='lat' dir='ltr'>cum</span> <span class='ocrx_word' id='word_1_82' title='bbox 400 1327 463 1388; x_wconf 89' lang='lat' dir='ltr'>iter</span> <span class='ocrx_word' id='word_1_83' title='bbox 478 1346 584 1389; x_wconf 88' lang='lat' dir='ltr'>errore</span> <span class='ocrx_word' id='word_1_84' title='bbox 602 1326 772 1390; x_wconf 85' lang='lat' dir='ltr'>revolvens</span> <span class='ocrx_word' id='word_1_85' title='bbox 789 1327 878 1390; x_wconf 93' lang='lat' dir='ltr'>haud</span> <span class='ocrx_word' id='word_1_86' title='bbox 895 1327 1040 1391; x_wconf 91' lang='lat' dir='ltr'>multum</span> <span class='ocrx_word' id='word_1_87' title='bbox 1057 1350 1182 1410; x_wconf 87' lang='lat' dir='ltr'>proces-</span> 
     </span>
     <span class='ocr_line' id='line_1_12' title="bbox 124 1425 1180 1507; baseline 0.004 -17"><span class='ocrx_word' id='word_1_88' title='bbox 124 1429 227 1502; x_wconf 87' lang='lat' dir='ltr'>sisset,</span> <span class='ocrx_word' id='word_1_89' title='bbox 249 1427 305 1490; x_wconf 92' lang='lat' dir='ltr'>ubi</span> <span class='ocrx_word' id='word_1_90' title='bbox 327 1427 430 1505; x_wconf 91' lang='lat' dir='ltr'>prima</span> <span class='ocrx_word' id='word_1_91' title='bbox 451 1425 509 1489; x_wconf 86' lang='lat' dir='ltr'>lux</span> <span class='ocrx_word' id='word_1_92' title='bbox 529 1427 706 1489; x_wconf 91' lang='lat' dir='ltr'>transitum</span> <span class='ocrx_word' id='word_1_93' title='bbox 727 1434 951 1506; x_wconf 91' lang='lat' dir='ltr'>opportunum</span> <span class='ocrx_word' id='word_1_94' title='bbox 971 1430 1180 1507; x_wconf 88' lang='lat' dir='ltr'>ostendisset,</span> 
     </span>
     <span class='ocr_line' id='line_1_13' title="bbox 12 1526 1180 1606; baseline 0.008 -22"><span class='ocrx_word' id='word_1_95' title='bbox 12 1593 15 1599; x_wconf 22' lang='lat'><strong>¹</strong></span> <span class='ocrx_word' id='word_1_96' title='bbox 74 1539 102 1585; x_wconf 90' lang='lat'>11</span> <span class='ocrx_word' id='word_1_97' title='bbox 124 1529 321 1591; x_wconf 90' lang='lat' dir='ltr'>transiturus</span> <span class='ocrx_word' id='word_1_98' title='bbox 340 1533 420 1589; x_wconf 90' lang='lat' dir='ltr'>erat.</span> <span class='ocrx_word' id='word_1_99' title='bbox 465 1526 529 1589; x_wconf 88' lang='lat' dir='ltr'>Sed</span> <span class='ocrx_word' id='word_1_100' title='bbox 550 1547 624 1589; x_wconf 91' lang='lat' dir='ltr'>cum</span> <span class='ocrx_word' id='word_1_101' title='bbox 644 1534 807 1606; x_wconf 91' lang='lat' dir='ltr'>quantum</span> <span class='ocrx_word' id='word_1_102' title='bbox 827 1548 846 1589; x_wconf 92' lang='lat' dir='ltr'>a</span> <span class='ocrx_word' id='word_1_103' title='bbox 866 1528 948 1589; x_wconf 91' lang='lat' dir='ltr'>mari</span> <span class='ocrx_word' id='word_1_104' title='bbox 968 1528 1180 1606; x_wconf 85' lang='lat' dir='ltr'>abscedebat,</span> 
     </span>
     <span class='ocr_line' id='line_1_14' title="bbox 124 1626 1181 1707; baseline 0.002 -16"><span class='ocrx_word' id='word_1_105' title='bbox 124 1634 219 1691; x_wconf 91' lang='lat' dir='ltr'>tanto</span> <span class='ocrx_word' id='word_1_106' title='bbox 241 1626 410 1690; x_wconf 89' lang='lat' dir='ltr'>altioribus</span> <span class='ocrx_word' id='word_1_107' title='bbox 433 1626 655 1689; x_wconf 85' lang='lat' dir='ltr'>coercentibus</span> <span class='ocrx_word' id='word_1_108' title='bbox 678 1647 808 1690; x_wconf 90' lang='lat' dir='ltr'>amnem</span> <span class='ocrx_word' id='word_1_109' title='bbox 830 1627 907 1707; x_wconf 91' lang='lat' dir='ltr'>ripis</span> <span class='ocrx_word' id='word_1_110' title='bbox 928 1648 995 1690; x_wconf 94' lang='lat' dir='ltr'>non</span> <span class='ocrx_word' id='word_1_111' title='bbox 1017 1629 1181 1693; x_wconf 86' lang='lat' dir='ltr'>inveniret</span> 
     </span>
     <span class='ocr_line' id='line_1_15' title="bbox 124 1726 1181 1807; baseline 0.003 -18"><span class='ocrx_word' id='word_1_112' title='bbox 124 1728 220 1804; x_wconf 91' lang='lat' dir='ltr'>vada,</span> <span class='ocrx_word' id='word_1_113' title='bbox 243 1727 329 1791; x_wconf 88' lang='lat' dir='ltr'>diem</span> <span class='ocrx_word' id='word_1_114' title='bbox 351 1726 486 1788; x_wconf 90' lang='lat' dir='ltr'>terendo</span> <span class='ocrx_word' id='word_1_115' title='bbox 507 1726 653 1806; x_wconf 90' lang='lat' dir='ltr'>spatium</span> <span class='ocrx_word' id='word_1_116' title='bbox 674 1727 765 1790; x_wconf 92' lang='lat' dir='ltr'>dedit</span> <span class='ocrx_word' id='word_1_117' title='bbox 787 1727 834 1789; x_wconf 76' lang='lat' dir='ltr'>ad&#39;</span> <span class='ocrx_word' id='word_1_118' title='bbox 850 1727 1092 1807; x_wconf 90' lang='lat' dir='ltr'>insequendum</span> <span class='ocrx_word' id='word_1_119' title='bbox 1112 1749 1181 1796; x_wconf 89' lang='lat' dir='ltr'>sese</span> 
     </span>
     <span class='ocr_line' id='line_1_16' title="bbox 125 1827 220 1890; baseline 0.011 -2"><span class='ocrx_word' id='word_1_120' title='bbox 125 1827 220 1890; x_wconf 86' lang='lat' dir='ltr'>hosti.</span> 
     </span>
     <span class='ocr_line' id='line_1_17' title="bbox 73 1927 1188 2006; baseline 0.002 -16"><span class='ocrx_word' id='word_1_121' title='bbox 73 1941 116 1990; x_wconf 80' lang='lat'>48</span> <span class='ocrx_word' id='word_1_122' title='bbox 168 1928 253 1990; x_wconf 90' lang='lat' dir='ltr'>Nero</span> <span class='ocrx_word' id='word_1_123' title='bbox 286 1927 428 2006; x_wconf 90' lang='lat' dir='ltr'>primum</span> <span class='ocrx_word' id='word_1_124' title='bbox 460 1947 535 1989; x_wconf 89' lang='lat' dir='ltr'>oum</span> <span class='ocrx_word' id='word_1_125' title='bbox 566 1927 655 1988; x_wconf 92' lang='lat' dir='ltr'>omni</span> <span class='ocrx_word' id='word_1_126' title='bbox 687 1927 839 2006; x_wconf 89' lang='lat' dir='ltr'>equitatu</span> <span class='ocrx_word' id='word_1_127' title='bbox 871 1927 1017 2004; x_wconf 88' lang='lat' dir='ltr'>advenit,</span> <span class='ocrx_word' id='word_1_128' title='bbox 1046 1929 1188 1992; x_wconf 88' lang='lat' dir='ltr'>Porcius·</span> 
     </span>
     <span class='ocr_line' id='line_1_18' title="bbox 88 2026 1181 2104; baseline 0.005 -18"><span class='ocrx_word' id='word_1_129' title='bbox 88 2042 103 2086; x_wconf 84' lang='lat'><strong>2</strong></span> <span class='ocrx_word' id='word_1_130' title='bbox 124 2028 240 2090; x_wconf 90' lang='lat' dir='ltr'>deinde</span> <span class='ocrx_word' id='word_1_131' title='bbox 264 2028 438 2089; x_wconf 89' lang='lat' dir='ltr'>adsecutus</span> <span class='ocrx_word' id='word_1_132' title='bbox 463 2047 537 2089; x_wconf 91' lang='lat' dir='ltr'>cum</span> <span class='ocrx_word' id='word_1_133' title='bbox 560 2026 624 2088; x_wconf 88' lang='lat' dir='ltr'>levi</span> <span class='ocrx_word' id='word_1_134' title='bbox 648 2034 825 2089; x_wconf 90' lang='lat' dir='ltr'>armatura.</span> <span class='ocrx_word' id='word_1_135' title='bbox 870 2027 934 2104; x_wconf 81' lang='lat' dir='ltr'>Qui</span> <span class='ocrx_word' id='word_1_136' title='bbox 958 2047 1033 2090; x_wconf 92' lang='lat' dir='ltr'>cum</span> <span class='ocrx_word' id='word_1_137' title='bbox 1057 2029 1181 2093; x_wconf 88' lang='lat' dir='ltr'>fessum</span> 
     </span>
     <span class='ocr_line' id='line_1_19' title="bbox 124 2126 1181 2206; baseline 0.002 -17"><span class='ocrx_word' id='word_1_138' title='bbox 124 2147 239 2205; x_wconf 85' lang='lat' dir='ltr'>agmen</span> <span class='ocrx_word' id='word_1_139' title='bbox 264 2133 433 2206; x_wconf 91' lang='lat' dir='ltr'>carperent</span> <span class='ocrx_word' id='word_1_140' title='bbox 457 2126 498 2187; x_wconf 92' lang='lat' dir='ltr'>ab</span> <span class='ocrx_word' id='word_1_141' title='bbox 523 2127 611 2188; x_wconf 91' lang='lat' dir='ltr'>omni</span> <span class='ocrx_word' id='word_1_142' title='bbox 635 2133 729 2205; x_wconf 88' lang='lat' dir='ltr'>parte</span> <span class='ocrx_word' id='word_1_143' title='bbox 751 2127 1031 2206; x_wconf 86' lang='lat' dir='ltr'>incursarentque,</span> <span class='ocrx_word' id='word_1_144' title='bbox 1055 2135 1090 2191; x_wconf 92' lang='lat' dir='ltr'>et</span> <span class='ocrx_word' id='word_1_145' title='bbox 1115 2130 1181 2191; x_wconf 91' lang='lat' dir='ltr'>iam</span> 
     </span>
     <span class='ocr_line' id='line_1_20' title="bbox 123 2226 1180 2305; baseline 0.004 -17"><span class='ocrx_word' id='word_1_146' title='bbox 123 2228 241 2290; x_wconf 91' lang='lat' dir='ltr'>omisso</span> <span class='ocrx_word' id='word_1_147' title='bbox 273 2228 397 2301; x_wconf 89' lang='lat' dir='ltr'>itinere,</span> <span class='ocrx_word' id='word_1_148' title='bbox 430 2226 518 2305; x_wconf 92' lang='lat' dir='ltr'>quod</span> <span class='ocrx_word' id='word_1_149' title='bbox 549 2226 645 2303; x_wconf 91' lang='lat' dir='ltr'>fugae</span> <span class='ocrx_word' id='word_1_150' title='bbox 676 2226 779 2289; x_wconf 91' lang='lat' dir='ltr'>simile</span> <span class='ocrx_word' id='word_1_151' title='bbox 809 2234 890 2302; x_wconf 86' lang='lat' dir='ltr'>erat,</span> <span class='ocrx_word' id='word_1_152' title='bbox 923 2234 1030 2289; x_wconf 89' lang='lat' dir='ltr'>castra</span> <span class='ocrx_word' id='word_1_153' title='bbox 1062 2230 1180 2292; x_wconf 92' lang='lat' dir='ltr'>metari</span> 
     </span>
     <span class='ocr_line' id='line_1_21' title="bbox 88 2325 1180 2404; baseline 0.006 -20"><span class='ocrx_word' id='word_1_154' title='bbox 88 2341 102 2384; x_wconf 87' lang='lat'><strong>3</strong></span> <span class='ocrx_word' id='word_1_155' title='bbox 123 2328 251 2389; x_wconf 90' lang='lat' dir='ltr'>Poenus</span> <span class='ocrx_word' id='word_1_156' title='bbox 276 2327 309 2387; x_wconf 93' lang='lat' dir='ltr'>in</span> <span class='ocrx_word' id='word_1_157' title='bbox 335 2325 462 2388; x_wconf 91' lang='lat' dir='ltr'>tumulo</span> <span class='ocrx_word' id='word_1_158' title='bbox 488 2344 585 2404; x_wconf 87' lang='lat' dir='ltr'>super</span> <span class='ocrx_word' id='word_1_159' title='bbox 609 2327 752 2387; x_wconf 90' lang='lat' dir='ltr'>fluminis</span> <span class='ocrx_word' id='word_1_160' title='bbox 777 2325 883 2404; x_wconf 88' lang='lat' dir='ltr'>ripam</span> <span class='ocrx_word' id='word_1_161' title='bbox 908 2325 1016 2401; x_wconf 87' lang='lat' dir='ltr'>vellet,</span> <span class='ocrx_word' id='word_1_162' title='bbox 1044 2328 1180 2391; x_wconf 89' lang='lat' dir='ltr'>advenit</span> 
     </span>
     <span class='ocr_line' id='line_1_22' title="bbox 123 2425 1181 2506; baseline 0.002 -18"><span class='ocrx_word' id='word_1_163' title='bbox 123 2428 234 2489; x_wconf 91' lang='lat' dir='ltr'>Livius</span> <span class='ocrx_word' id='word_1_164' title='bbox 253 2427 402 2506; x_wconf 89' lang='lat' dir='ltr'>peditum</span> <span class='ocrx_word' id='word_1_165' title='bbox 420 2425 571 2487; x_wconf 90' lang='lat' dir='ltr'>omnibus</span> <span class='ocrx_word' id='word_1_166' title='bbox 590 2426 690 2505; x_wconf 93' lang='lat' dir='ltr'>copiis</span> <span class='ocrx_word' id='word_1_167' title='bbox 708 2445 773 2487; x_wconf 91' lang='lat' dir='ltr'>non</span> <span class='ocrx_word' id='word_1_168' title='bbox 791 2426 916 2488; x_wconf 89' lang='lat' dir='ltr'>itineris</span> <span class='ocrx_word' id='word_1_169' title='bbox 934 2426 1042 2501; x_wconf 87' lang='lat' dir='ltr'>mode,</span> <span class='ocrx_word' id='word_1_170' title='bbox 1062 2427 1120 2489; x_wconf 93' lang='lat' dir='ltr'>sed</span> <span class='ocrx_word' id='word_1_171' title='bbox 1138 2428 1181 2490; x_wconf 91' lang='lat' dir='ltr'>ad</span> 
     </span>
     <span class='ocr_line' id='line_1_23' title="bbox 124 2524 1179 2606; baseline -0.001 -16"><span class='ocrx_word' id='word_1_172' title='bbox 124 2526 358 2590; x_wconf 85' lang='lat' dir='ltr'>conserendum</span> <span class='ocrx_word' id='word_1_173' title='bbox 386 2525 551 2603; x_wconf 86' lang='lat' dir='ltr'>extemplo</span> <span class='ocrx_word' id='word_1_174' title='bbox 582 2524 741 2603; x_wconf 89' lang='lat' dir='ltr'>proelium</span> <span class='ocrx_word' id='word_1_175' title='bbox 769 2525 937 2587; x_wconf 89' lang='lat' dir='ltr'>instructis</span> <span class='ocrx_word' id='word_1_176' title='bbox 967 2527 1179 2606; x_wconf 87' lang='lat' dir='ltr'>armatisque.</span> 
     </span>
     <span class='ocr_line' id='line_1_24' title="bbox 86 2625 1179 2704; baseline 0.005 -20"><span class='ocrx_word' id='word_1_177' title='bbox 86 2641 102 2684; x_wconf 88' lang='lat'>4</span> <span class='ocrx_word' id='word_1_178' title='bbox 122 2627 186 2689; x_wconf 85' lang='lat' dir='ltr'>Sed</span> <span class='ocrx_word' id='word_1_179' title='bbox 203 2626 258 2688; x_wconf 94' lang='lat' dir='ltr'>ubi</span> <span class='ocrx_word' id='word_1_180' title='bbox 277 2646 388 2688; x_wconf 89' lang='lat' dir='ltr'>omnes</span> <span class='ocrx_word' id='word_1_181' title='bbox 407 2626 516 2704; x_wconf 89' lang='lat' dir='ltr'>copias</span> <span class='ocrx_word' id='word_1_182' title='bbox 535 2625 784 2700; x_wconf 89' lang='lat' dir='ltr'>coniunxerunt,</span> <span class='ocrx_word' id='word_1_183' title='bbox 803 2625 999 2704; x_wconf 88' lang='lat' dir='ltr'>derectaque</span> <span class='ocrx_word' id='word_1_184' title='bbox 1016 2626 1102 2688; x_wconf 91' lang='lat' dir='ltr'>acies</span> <span class='ocrx_word' id='word_1_185' title='bbox 1119 2634 1179 2702; x_wconf 92' lang='lat' dir='ltr'>est,</span> 
     </span>
     <span class='ocr_line' id='line_1_25' title="bbox 122 2724 1181 2804; baseline -0.001 -16"><span class='ocrx_word' id='word_1_186' title='bbox 122 2726 276 2788; x_wconf 85' lang='lat' dir='ltr'>Claudius</span> <span class='ocrx_word' id='word_1_187' title='bbox 306 2726 422 2787; x_wconf 86' lang='lat' dir='ltr'>dextro</span> <span class='ocrx_word' id='word_1_188' title='bbox 452 2725 484 2785; x_wconf 93' lang='lat' dir='ltr'>in</span> <span class='ocrx_word' id='word_1_189' title='bbox 517 2745 626 2800; x_wconf 88' lang='lat' dir='ltr'>cornu,</span> <span class='ocrx_word' id='word_1_190' title='bbox 658 2725 770 2788; x_wconf 88' lang='lat' dir='ltr'>Livius</span> <span class='ocrx_word' id='word_1_191' title='bbox 800 2724 842 2786; x_wconf 94' lang='lat' dir='ltr'>ab</span> <span class='ocrx_word' id='word_1_192' title='bbox 872 2725 1003 2786; x_wconf 87' lang='lat' dir='ltr'>sinistro</span> <span class='ocrx_word' id='word_1_193' title='bbox 1034 2745 1181 2804; x_wconf 91' lang='lat' dir='ltr'>pugnam</span> 
     </span>
     <span class='ocr_line' id='line_1_26' title="bbox 86 2820 1208 2904; baseline -0.004 -15"><span class='ocrx_word' id='word_1_194' title='bbox 86 2827 265 2900; x_wconf 79' lang='lat' dir='ltr'>tinstruit,</span> <span class='ocrx_word' id='word_1_195' title='bbox 293 2826 400 2887; x_wconf 89' lang='lat' dir='ltr'>media</span> <span class='ocrx_word' id='word_1_196' title='bbox 426 2825 510 2886; x_wconf 90' lang='lat' dir='ltr'>acies</span> <span class='ocrx_word' id='word_1_197' title='bbox 537 2825 678 2904; x_wconf 89' lang='lat' dir='ltr'>praetori</span> <span class='ocrx_word' id='word_1_198' title='bbox 705 2825 828 2888; x_wconf 91' lang='lat' dir='ltr'>tuenda</span> <span class='ocrx_word' id='word_1_199' title='bbox 855 2825 944 2887; x_wconf 90' lang='lat' dir='ltr'>data.</span> <span class='ocrx_word' id='word_1_200' title='bbox 991 2820 1208 2887; x_wconf 87' lang='lat' dir='ltr'>Hasdrubal&#39;</span> 
     </span>
     <span class='ocr_line' id='line_1_27' title="bbox 122 2923 1179 3003; baseline -0.001 -16"><span class='ocrx_word' id='word_1_201' title='bbox 122 2925 241 2987; x_wconf 90' lang='lat' dir='ltr'>omissa</span> <span class='ocrx_word' id='word_1_202' title='bbox 259 2925 440 2987; x_wconf 90' lang='lat' dir='ltr'>munitione</span> <span class='ocrx_word' id='word_1_203' title='bbox 459 2931 639 2986; x_wconf 86' lang='lat' dir='ltr'>castrorum</span> <span class='ocrx_word' id='word_1_204' title='bbox 657 2931 834 3003; x_wconf 89' lang='lat' dir='ltr'>postquam</span> <span class='ocrx_word' id='word_1_205' title='bbox 852 2923 1067 3003; x_wconf 91' lang='lat' dir='ltr'>pugnandum</span> <span class='ocrx_word' id='word_1_206' title='bbox 1084 2924 1179 3000; x_wconf 87' lang='lat' dir='ltr'>vidit,</span> 
     </span>
     <span class='ocr_line' id='line_1_28' title="bbox 121 3022 1179 3104; baseline 0 -18"><span class='ocrx_word' id='word_1_207' title='bbox 121 3026 155 3086; x_wconf 92' lang='lat' dir='ltr'>in</span> <span class='ocrx_word' id='word_1_208' title='bbox 173 3025 277 3104; x_wconf 91' lang='lat' dir='ltr'>prima</span> <span class='ocrx_word' id='word_1_209' title='bbox 295 3025 363 3086; x_wconf 89' lang='lat' dir='ltr'>acic</span> <span class='ocrx_word' id='word_1_210' title='bbox 381 3032 458 3086; x_wconf 89' lang='lat' dir='ltr'>ante</span> <span class='ocrx_word' id='word_1_211' title='bbox 476 3025 567 3101; x_wconf 91' lang='lat' dir='ltr'>signa</span> <span class='ocrx_word' id='word_1_212' title='bbox 584 3023 776 3103; x_wconf 86' lang='lat' dir='ltr'>elephantos</span> <span class='ocrx_word' id='word_1_213' title='bbox 793 3022 891 3098; x_wconf 81' lang='lat' dir='ltr'>locat,</span> <span class='ocrx_word' id='word_1_214' title='bbox 912 3025 994 3085; x_wconf 90' lang='lat' dir='ltr'>circa</span> <span class='ocrx_word' id='word_1_215' title='bbox 1012 3044 1067 3086; x_wconf 91' lang='lat' dir='ltr'>eos</span> <span class='ocrx_word' id='word_1_216' title='bbox 1084 3023 1179 3086; x_wconf 88' lang='lat' dir='ltr'>laevo</span> 
     </span>
     <span class='ocr_line' id='line_1_29' title="bbox 122 3121 1180 3200; baseline 0 -15"><span class='ocrx_word' id='word_1_217' title='bbox 122 3126 155 3185; x_wconf 92' lang='lat' dir='ltr'>in</span> <span class='ocrx_word' id='word_1_218' title='bbox 172 3144 271 3186; x_wconf 90' lang='lat' dir='ltr'>comu</span> <span class='ocrx_word' id='word_1_219' title='bbox 288 3124 443 3186; x_wconf 89' lang='lat' dir='ltr'>adversus</span> <span class='ocrx_word' id='word_1_220' title='bbox 459 3123 633 3185; x_wconf 80' lang='lat' dir='ltr'>Claudium</span> <span class='ocrx_word' id='word_1_221' title='bbox 649 3122 758 3184; x_wconf 90' lang='lat' dir='ltr'>Gallos</span> <span class='ocrx_word' id='word_1_222' title='bbox 774 3123 922 3200; x_wconf 87' lang='lat' dir='ltr'>opponit,</span> <span class='ocrx_word' id='word_1_223' title='bbox 940 3121 1029 3184; x_wconf 93' lang='lat' dir='ltr'>haud</span> <span class='ocrx_word' id='word_1_224' title='bbox 1045 3129 1180 3186; x_wconf 91' lang='lat' dir='ltr'>tantum</span> 
     </span>
     <span class='ocr_line' id='line_1_30' title="bbox 86 3222 1180 3303; baseline 0.004 -23"><span class='ocrx_word' id='word_1_225' title='bbox 86 3235 101 3280; x_wconf 85' lang='lat'>6</span> <span class='ocrx_word' id='word_1_226' title='bbox 122 3225 159 3286; x_wconf 92' lang='lat' dir='ltr'>iis</span> <span class='ocrx_word' id='word_1_227' title='bbox 183 3224 296 3299; x_wconf 89' lang='lat' dir='ltr'>fidens,</span> <span class='ocrx_word' id='word_1_228' title='bbox 323 3231 486 3303; x_wconf 88' lang='lat' dir='ltr'>quantum</span> <span class='ocrx_word' id='word_1_229' title='bbox 510 3222 551 3283; x_wconf 90' lang='lat' dir='ltr'>ab</span> <span class='ocrx_word' id='word_1_230' title='bbox 576 3222 670 3284; x_wconf 90' lang='lat' dir='ltr'>hoste</span> <span class='ocrx_word' id='word_1_231' title='bbox 694 3222 800 3283; x_wconf 86' lang='lat' dir='ltr'>timeri</span> <span class='ocrx_word' id='word_1_232' title='bbox 825 3241 879 3282; x_wconf 89' lang='lat' dir='ltr'>eos</span> <span class='ocrx_word' id='word_1_233' title='bbox 905 3222 1074 3298; x_wconf 85' lang='lat' dir='ltr'>credebat;</span> <span class='ocrx_word' id='word_1_234' title='bbox 1111 3223 1180 3302; x_wconf 89' lang='lat' dir='ltr'>ipsc</span> 
     </span>
     <span class='ocr_line' id='line_1_31' title="bbox 122 3320 1180 3401; baseline -0.003 -15"><span class='ocrx_word' id='word_1_235' title='bbox 122 3325 275 3386; x_wconf 88' lang='lat' dir='ltr'>dextrum</span> <span class='ocrx_word' id='word_1_236' title='bbox 298 3344 398 3386; x_wconf 90' lang='lat' dir='ltr'>cornu</span> <span class='ocrx_word' id='word_1_237' title='bbox 419 3324 575 3385; x_wconf 85' lang='lat' dir='ltr'>adversus</span> <span class='ocrx_word' id='word_1_238' title='bbox 598 3322 640 3382; x_wconf 91' lang='lat' dir='ltr'>M.</span> <span class='ocrx_word' id='word_1_239' title='bbox 664 3321 794 3382; x_wconf 87' lang='lat' dir='ltr'>Livium</span> <span class='ocrx_word' id='word_1_240' title='bbox 816 3320 876 3381; x_wconf 93' lang='lat' dir='ltr'>sibi</span> <span class='ocrx_word' id='word_1_241' title='bbox 899 3328 1000 3399; x_wconf 89' lang='lat' dir='ltr'>atque</span> <span class='ocrx_word' id='word_1_242' title='bbox 1023 3322 1180 3401; x_wconf 89' lang='lat' dir='ltr'>Hispanis</span> 
     </span>
     <span class='ocr_line' id='line_1_32' title="bbox 120 3418 1180 3500; baseline -0.002 -15"><span class='ocrx_word' id='word_1_243' title='bbox 120 3430 207 3486; x_wconf 92' lang='lat' dir='ltr'>—et</span> <span class='ocrx_word' id='word_1_244' title='bbox 225 3424 269 3485; x_wconf 91' lang='lat' dir='ltr'>ibi</span> <span class='ocrx_word' id='word_1_245' title='bbox 288 3424 429 3485; x_wconf 88' lang='lat' dir='ltr'>maxime</span> <span class='ocrx_word' id='word_1_246' title='bbox 447 3424 480 3483; x_wconf 93' lang='lat' dir='ltr'>in</span> <span class='ocrx_word' id='word_1_247' title='bbox 499 3428 608 3483; x_wconf 85' lang='lat' dir='ltr'>vetere</span> <span class='ocrx_word' id='word_1_248' title='bbox 627 3420 729 3481; x_wconf 89' lang='lat' dir='ltr'>milite</span> <span class='ocrx_word' id='word_1_249' title='bbox 746 3439 837 3498; x_wconf 89' lang='lat' dir='ltr'>spem</span> <span class='ocrx_word' id='word_1_250' title='bbox 855 3418 1000 3481; x_wconf 91' lang='lat' dir='ltr'>habebat</span> <span class='ocrx_word' id='word_1_251' title='bbox 1013 3455 1055 3463; x_wconf 84' lang='lat'><em>-</em></span> <span class='ocrx_word' id='word_1_252' title='bbox 1068 3442 1180 3500; x_wconf 91' lang='lat' dir='ltr'>sump-</span> 
     </span>
     <span class='ocr_line' id='line_1_33' title="bbox 86 3519 1181 3600; baseline -0.004 -15"><span class='ocrx_word' id='word_1_253' title='bbox 86 3532 100 3578; x_wconf 78' lang='lat'><strong>7</strong></span> <span class='ocrx_word' id='word_1_254' title='bbox 121 3524 164 3585; x_wconf 93' lang='lat' dir='ltr'>sit</span> <span class='ocrx_word' id='word_1_255' title='bbox 170 3545 179 3600; x_wconf 85' lang='lat'>,·</span> <span class='ocrx_word' id='word_1_256' title='bbox 207 3524 340 3600; x_wconf 90' lang='lat' dir='ltr'>Ligures</span> <span class='ocrx_word' id='word_1_257' title='bbox 354 3524 387 3583; x_wconf 93' lang='lat' dir='ltr'>in</span> <span class='ocrx_word' id='word_1_258' title='bbox 403 3522 509 3584; x_wconf 88' lang='lat' dir='ltr'>medio</span> <span class='ocrx_word' id='word_1_259' title='bbox 526 3527 600 3600; x_wconf 90' lang='lat' dir='ltr'>post</span> <span class='ocrx_word' id='word_1_260' title='bbox 615 3519 807 3598; x_wconf 89' lang='lat' dir='ltr'>elephantos</span> <span class='ocrx_word' id='word_1_261' title='bbox 822 3519 929 3598; x_wconf 91' lang='lat' dir='ltr'>positi.</span> <span class='ocrx_word' id='word_1_262' title='bbox 975 3519 1039 3581; x_wconf 87' lang='lat' dir='ltr'>Sed</span> <span class='ocrx_word' id='word_1_263' title='bbox 1054 3519 1181 3598; x_wconf 91' lang='lat' dir='ltr'>longior</span> 
     </span>
    </p>
   </div>
   <div class='ocr_carea' id='block_1_3' title="bbox 0 0 1252 3908">
    <p class='ocr_par' dir='ltr' id='par_1_3' title="bbox 0 0 1252 3908">
     <span class='ocr_line' id='line_1_34' title="bbox 0 0 1252 3908; baseline 0 1"><span class='ocrx_word' id='word_1_264' title='bbox 0 0 1252 3908; x_wconf 95' lang='lat' dir='ltr'> </span> 
     </span>
    </p>
   </div>
  </div>
 </body>
</html>
