2496 3908
137 249 179 313 62
345 288 351 302 .
621 256 713 306 mvi
1010 258 1108 324 [3001
1119 259 1184 310 xxi.

137 434 223 514 cepti
241 433 307 495 duo
324 439 513 512 quaestores
529 431 684 507 Romani,
701 432 736 494 C.
754 432 891 495 Fulvius
907 439 941 496 et
958 433 994 495 L.
1014 433 1186 510 Lucretius,

138 553 212 595 eum
233 533 362 595 duobus
383 532 524 594 tribunis
545 532 688 594 militum
708 539 742 595 et
764 533 909 612 quinque
929 534 1092 612 equestris
1113 533 1187 597 ordi·

137 633 197 709 nis,
219 638 409 695 senatorum
428 631 531 694 ferme
550 631 670 707 liberis
692 651 758 712 quo
779 632 882 710 magis
902 639 1012 696 ratam
1031 633 1188 697 forecum

39 798 42 803 ,
137 733 176 794 iis
193 752 309 812 pacem
326 732 583 811 societatemque
602 731 757 807 crederet,
776 732 964 794 traduntur.

44 816 49 827 ¹
87 843 129 892 60
180 833 269 895 Dum
290 831 370 894 haee
393 832 426 892 in
450 830 548 894 Italia
569 838 737 910 genmtur,
761 832 818 894 Cn.
841 832 1010 896 Cornelius
1032 833 1141 913 Scipio
1160 833 1189 894 in

102 916 334 1011 aHispaniam
359 951 433 993 cum
457 930 558 993 classe
580 938 613 993 et
636 932 783 993 exercitu
806 931 923 993 missus
946 952 1023 994 cum
1045 933 1090 994 ab
1114 933 1189 996 ostio

137 1032 290 1094 Rhodani
322 1051 415 1141 pro
472 1050 487 1091 s
518 1031 768 1110 Pyrenaeosque
799 1038 891 1093 mont
893 1051 927 1094 es
958 1032 1190 1096 circumvectus

101 1141 116 1186 3
137 1132 310 1211 Emporias
331 1032 510 1211 appulisset
533 1130 678 1205 classem,
700 1131 850 1209 exposito
871 1131 916 1192 ibi
937 1133 1086 1194 exercitu
1108 1150 1189 1195 orsus

137 1252 156 1293 a
185 1231 357 1293 Lacetanis
386 1250 518 1292 omnem
547 1249 638 1291 oram
667 1249 770 1309 usque
799 1230 842 1292 ad
872 1230 1035 1292 Hiberum
1062 1232 1189 1306 flumen,
1232 1278 1234 1285 .

137 1332 258 1410 partim
286 1330 482 1392 renovandis
509 1329 723 1392 societatibus
751 1331 873 1408 partim
899 1331 994 1392 novis
1022 1331 1190 1395 instituen·
1232 1324 1234 1363 ²

100 1446 116 1487 4
137 1431 196 1506 die,
219 1430 389 1492 Romanae
412 1429 548 1492 dicionis
569 1429 657 1491 fecit.
704 1429 786 1491 Inde
809 1429 981 1492 conciliata
1004 1430 1190 1494 clementiae

135 1531 341 1610 iustitiaeque
357 1528 447 1603 fama
463 1549 528 1590 non
549 1529 592 1590 ad
613 1529 794 1590 maritimos
817 1529 914 1591 modo
932 1530 1073 1608 populos
1091 1530 1190 1594 sedin

136 1629 380 1691 mediterraneis
393 1647 573 1709 quoqueac
587 1629 752 1691 montanis
764 1628 806 1690 ad
817 1629 989 1690 ferociores
1001 1629 1070 1691 iam
1081 1635 1190 1709 gentes

136 1729 257 1805 valuit,·
286 1748 345 1790 nec
363 1748 429 1807 pax
446 1728 544 1790 modo
562 1728 652 1806 apud
669 1747 723 1790 eos
740 1728 798 1790 sed
814 1728 952 1790 societas
969 1729 1073 1791 etiam
1091 1749 1191 1792 armo-

137 1822 209 1891 rum
227 1834 322 1907 parta
339 1834 399 1903 est,
418 1827 611 1906 validaeque
629 1827 756 1906 aliquot
773 1827 970 1889 auxiliorum
987 1827 1139 1892 cohortes
1153 1847 1191 1892 ex

100 1929 173 1988 uiis
202 1927 403 2004 conscriptae
431 1933 519 1988 sunt.
553 1926 738 1998 ‘Hannonis
766 1927 810 1987 ois
838 1926 999 1989 Hiberum
1026 1928 1190 2007 provincia

134 2033 221 2103 erat;
258 2047 334 2088 eum
359 2026 533 2104 reliquerat
559 2025 725 2087 Hannibal
751 2026 794 2087 ad
819 2026 956 2102 regionis
980 2026 1050 2088 eius
1076 2027 1191 2106 praesi-

136 2127 237 2189 dium.
283 2119 411 2204 ltaque‚
442 2126 634 2204 priusquam
662 2125 882 2188 alienarentur
909 2125 1031 2202 omnia,
1060 2126 1191 2188 obviam

88 2256 93 2307 .'
135 2226 280 2288 eundum
305 2232 407 2299 ratus,
435 2225 548 2286 castris
574 2225 607 2285 in
634 2232 823 2323 eonspectq.
832 2224 982 2385 lppstium
1007 2226 1136 2304 positis,
1160 2225 1191 2285 in

99 2327 238 2389 taciem
264 2325 389 2387 eduxit.
434 2324 501 2386 Nec
528 2323 679 2384 Romano
707 2323 766 2385 diff
787 2343 842 2386 ren
868 2344 924 2386 um
952 2330 1121 2388 certamen
1146 2325 1192 2387 vi·

134 2445 217 2500 sum,
239 2425 360 2503 quippe
380 2424 435 2502 qui
456 2424 552 2485 sciret
573 2443 647 2484 curn
667 2423 830 2484 Hannone
849 2430 883 2485 et
904 2423 1114 2488 Hasdrubale
1132 2424 1190 2486 sibi

135 2525 359 2588 dimicandum
391 2543 459 2586 esse
492 2522 669 2601 malletque
702 2523 859 2585 adversus
890 2522 1033 2601 singulos
1064 2543 1192 2603 separa·

100 2640 114 2688 Ἰ
136 2626 196 2687 tim
218 2644 318 2702 quarn
340 2624 507 2695 adversus
505 2625 516 2665 s
519 2622 600 2684 duos
622 2622 717 2684 simul
741 2642 809 2684 rem
830 2641 948 2700 gerere.
993 2621 1061 2685 Nec
1085 2622 1191 2700 magni

136 2724 322 2786 certaminis
345 2743 383 2785 ea
408 2703 613 2784 dlirll'talloi
599 2722 673 2784 fuit.
718 2723 783 2784 Sex
806 2721 895 2783 milia
918 2720 1002 2784 host'
980 2727 1065 2784 trum
1091 2741 1191 2797 caesa,

136 2824 201 2885 duo
224 2829 321 2900 capta
344 2841 417 2883 cum
440 2804 601 2899 praesidio
624 2828 821 2897 castrorum;
855 2827 988 2883 namet
1010 2827 1192 2884 oastraex-

137 2928 283 3002 pugnata
310 2928 387 2984 sunt
415 2927 516 2999 atque
543 2921 612 2998 ipse
640 2921 708 2982 dux
737 2940 811 2981 eum
838 2920 964 2999 aliquot
992 2921 1192 3001 principibus

137 3023 321 3101 capiuntur,
350 3027 383 3083 et
411 3021 518 3095 Cissis,
548 3020 769 3098 propinquum
798 3020 912 3081 castris
940 3020 1112 3098 oppidum,
1140 3041 1192 3084 ex-

102 3127 274 3203 apugnat
265 3141 312 3182 ur
336 3121 509 3191 Ceterum
540 3119 661 3197 praeda
692 3119 804 3197 oppidi
836 3119 928 3196 parvi
960 3120 1056 3197 pretii
1087 3140 1193 3183 rerum

102 3221 211 3295 afuit,
233 3210 379 3301 supellex
397 3219 581 3315 barbarica,
604 3239 641 3279 ao
664 3218 777 3279 vilium
799 3218 1053 3296 mancipiorum;
1088 3226 1192 3283 castra

139 3320 222 3382 milit
208 3325 275 3382 tem
305 3318 353 3382 dit
340 3327 462 3392 tavere,
492 3338 558 3378 non
587 3318 655 3379 eius
685 3318 782 3379 modo
810 3318 972 3380 exercitus
1001 3319 1059 3397 qui
1088 3320 1193 3382 victus

138 3425 220 3495 erat,
241 3420 351 3482 sedet
338 3419 441 3481 teius
462 3417 518 3497 qui
540 3436 614 3477 curn
636 3416 849 3478 Hannibale
842 3437 875 3477 1n
897 3417 929 3478 It
932 3416 995 3478 alia
1017 3418 1193 3494 militabat,

139 3517 291 3583 omnibus
309 3519 375 3581 fere
395 3517 476 3579 caris
495 3516 601 3590 rebus,
621 3536 661 3577 ne
680 3516 792 3592 gravia
810 3516 1046 3594 impedimenta
1064 3517 1193 3582 ferenti-

146 3619 209 3681 bus
224 3624 343 3693 essent
362 3617 443 3679 eitra
459 3616 665 3693 Pyrenaeum
680 3613 809 3675 relictis.
