2496 3908
95 240 200 290 cules.
215 241 257 303 41,
271 241 312 303 42,
326 241 384 308 ca]
581 241 671 291 mvn
1114 231 1154 295 81

95 414 267 478 seditionis
285 415 445 480 sustinere
464 423 585 496 posset,
605 417 748 480 Marium
765 417 934 482 Statilium
952 420 1156 499 praefectum

32 519 33 522 ’
95 535 173 578 cum
203 522 313 578 turma
342 517 475 579 Lucana
503 518 714 598 exploratum
742 519 858 582 mittit.
903 519 967 596 Qui
995 519 1051 581 ubi
1081 519 1189 582 ade-5

94 614 243 695 quitavit
262 615 376 695 portis,
396 615 573 680 subsistere
591 624 685 681 extra
704 619 910 682 munimenta
930 619 1044 682 ceteris
1062 619 1156 680 iussis

93 715 166 795 ipse
182 734 258 777 curn
273 714 402 778 duobus
416 716 584 796 equitibus
600 717 724 780 vallum
739 718 888 793 intravit,
905 718 1156 798 speculatusque

94 815 208 893 omnia
224 834 300 878 curn
315 834 393 878 cura
409 817 578 880 renuntiat
594 817 728 880 insidias
744 818 891 897 profecto
906 838 992 881 esse:
1018 819 1107 897 ignes
1122 819 1156 881 in
1175 831 1191 878 6

19 969 22 978 .
94 921 192 995 parte
216 922 398 978 castrorum
420 937 505 997 quae
528 925 642 997 vergat
664 918 698 979 in
720 917 849 981 hostem
871 917 1015 995 relictos;
1049 919 1157 982 taber·

93 1015 215 1078 nacula
228 1022 343 1095 aperta
354 1023 389 1080 et
404 1018 515 1079 omnia
528 1037 602 1080 cara
617 1017 651 1078 in
663 1025 820 1097 promptu
832 1017 960 1094 relicta;
985 1025 1157 1097 argentum

95 1115 299 1195 quibusdam
315 1115 394 1179 locis
411 1124 533 1181 temere
551 1117 696 1196 pervias
713 1118 805 1181 velut
822 1117 989 1181 obiectum
1005 1119 1048 1180 ad
1065 1103 1157 1197 prae-

95 1216 175 1278 dam
198 1216 328 1280 vidisse.
374 1218 465 1294 Quae
488 1218 531 1279 ad
553 1217 763 1281 deterrendos
785 1238 804 1278 a
827 1217 1009 1296 cupiditate
1030 1218 1156 1280 animos
1176 1230 1190 1277 r

95 1315 253 1380 nuntiata
264 1323 369 1393 erant,
381 1337 420 1380 ea
432 1318 662 1393 accenderunt,
674 1323 708 1380 et
721 1317 860 1380 clamore
872 1325 944 1380 orto
956 1338 975 1380 a
988 1317 1155 1393 militibus,

95 1417 130 1478 ni
150 1417 282 1496 signum
301 1418 407 1493 detur,
429 1417 497 1481 sine
517 1416 656 1493 ducibus
675 1417 789 1492 ituros,
810 1416 1069 1497 haudquaquam
1089 1417 1158 1479 dux

96 1517 221 1581 defuit:
252 1537 331 1579 nam
350 1517 517 1596 extemplo
537 1519 640 1579 Varro
660 1517 790 1595 signum
811 1516 902 1579 dedit
922 1517 1155 1595 proficiscendi.
1177 1529 1192 1574 8

97 1617 231 1692 Paulus
249 1617 366 1680 cumei
380 1637 440 1679 sua
454 1622 571 1695 sponte
587 1617 757 1679 cunctanti
773 1616 852 1695 pulli
867 1636 997 1696 quoque
1012 1616 1157 1695 auspicio
1179 1694 1181 1698 .

97 1736 164 1778 non
178 1716 392 1792 addixissent,
406 1716 551 1778 nuntiari
564 1717 631 1778 iam
643 1716 790 1779 efferenti
804 1723 900 1796 porta
913 1716 1004 1795 signa
1018 1716 1157 1795 collegae

96 1815 203 1878 iussit.
248 1816 345 1891 Quod
372 1835 576 1896 quamquam
603 1818 705 1878 Varro
733 1836 827 1895 aegre
853 1821 903 1878 est
931 1835 1056 1895 passus,
1085 1816 1193 1877 Fla-9

97 1915 178 1977 mini
195 1922 307 1977 tamen
323 1935 433 1978 recens
450 1935 543 1977 casus
558 1914 739 1994 Claudique
756 1915 896 1977 consulis
912 1916 1017 1994 primo
1033 1915 1157 1977 Punico

25 2010 30 2015 ’
96 2015 183 2078 bello
202 2022 385 2077 memorata
404 2013 530 2076 navalis
550 2014 657 2076 clades
676 2013 863 2092 religionem
882 2015 992 2076 animo
1010 2015 1156 2077 incussit.

98 2115 140 2176 Di
168 2134 269 2193 prope
296 2113 357 2193 ipsi
383 2134 421 2176 eo
447 2114 499 2176 die
526 2113 629 2191 magis
656 2114 810 2176 distulere
837 2133 938 2193 quam
964 2113 1158 2193 prohibuere
1179 2128 1206 2172 10

97 2214 325 2276 imminentem
347 2219 474 2293 pestem
497 2213 672 2275 Romanis:
707 2233 786 2275 nam
808 2214 892 2276 forte
915 2214 963 2275 ita
980 2214 1090 2276 evenit
1109 2220 1156 2290 ut,

98 2306 182 2376 cum
197 2313 310 2376 referri
336 2313 428 2392 signa
453 2312 487 2374 in
513 2318 620 2375 castra
645 2312 772 2375 iubenti
799 2313 922 2375 consuli
947 2312 1067 2375 milites
1091 2333 1157 2374 non

97 2419 262 2493 parerent,
280 2413 365 2475 servi
384 2413 459 2488 duo,
478 2411 644 2474 Formiani
662 2432 757 2487 unus,
776 2413 860 2475 alter
876 2412 1009 2475 Sidicini
1026 2412 1156 2492 equitis,
1179 2425 1206 2470 11

97 2513 155 2593 qui
186 2512 322 2576 Servilio
352 2519 453 2592 atque
483 2511 584 2574 Atilio
616 2512 803 2574 consulibus
833 2512 919 2574 inter
948 2512 1158 2591 pabulatores

96 2613 228 2692 excepti
241 2632 261 2674 a
275 2612 426 2674 Numidis
439 2612 580 2687 fuerant,
596 2612 806 2690 profugerent
819 2631 857 2673 eo
872 2611 923 2674 die
937 2611 979 2673 ad
993 2611 1158 2688 dominos;

97 2710 298 2790 deductique
317 2711 359 2773 ad
379 2711 525 2773 consules
543 2710 700 2772 nuntiant
719 2731 851 2773 omnem
868 2711 1049 2773 exercitum
1068 2711 1158 2772 Han·

98 2811 217 2873 nibalis
234 2816 325 2874 trans
342 2811 508 2890 proximos
526 2816 655 2872 montes
672 2810 782 2872 sedere
798 2809 832 2870 in
849 2809 985 2871 insidiis.
1031 2811 1158 2872 Horum

97 2917 305 2991 opportunus
322 2910 485 2972 adventus
502 2909 649 2972 consules
665 2909 791 2988 imperii
808 2915 961 2988 potentes
977 2909 1064 2984 fecit,
1084 2929 1158 2971 curn
1178 2917 1207 2962 12

97 3008 237 3072 ambitio
252 3009 385 3072 alterius
399 3029 493 3071 suam
507 3009 650 3088 primurn
664 3009 753 3087 apud
767 3027 822 3071 eos
836 3028 939 3087 prava
953 3007 1157 3086 indulgentia

98 3110 307 3172 maiestatem
322 3108 481 3171 solvisset.

142 3208 308 3270 Hannibal
330 3215 508 3287 postquam
530 3213 637 3270 motos
659 3207 762 3285 magis
783 3207 966 3270 inconsulte
988 3208 1156 3270 Romanos
1164 3211 1206 3260 43

98 3328 200 3388 quam
222 3306 265 3369 ad
287 3306 441 3370 ultimum
463 3313 584 3370 temere
606 3313 738 3370 evectos
761 3306 855 3382 vidit,
878 3306 1080 3386 nequiquam
1103 3307 1156 3370 de-

99 3414 188 3470 tecta
216 3407 331 3469 fraude
359 3407 393 3466 in
423 3412 529 3468 castra
558 3405 664 3468 rediit.
710 3405 761 3467 Ibi
790 3405 898 3485 plures
927 3404 995 3468 dies
1024 3411 1191 3485 propter2

98 3506 244 3587 inopiam
274 3505 430 3568 frumenti
461 3524 592 3568 manere
622 3504 748 3584 nequit,
778 3525 931 3584 novaque
962 3506 1094 3568 consilia
1124 3506 1157 3566 in

264 3618 281 3651 G
