2496 3908
128 216 169 283 76
612 231 700 281 nrvr
979 230 1180 296 [aooxxxu.

125 408 240 488 pinqui
262 408 324 471 sub
345 408 380 471 Ο.
413 408 574 471 Flaminio
594 407 724 470 consule
743 413 941 481 meruerant,
960 407 1183 485 ignorantium

126 528 210 588 quae
227 508 382 588 cuiusque
399 528 532 570 suorum
549 508 683 571 fortuna
698 514 798 584 esset,
824 525 883 569 nec
906 506 1084 586 quisquam
1105 508 1184 570 satis

78 621 104 668 11
127 616 252 673 certum
278 607 378 671 habet
404 609 483 687 quid
509 615 568 671 aut
593 618 701 687 speret
726 615 786 670 aut
812 607 938 670 timeat.
983 607 1122 671 Postero
1148 628 1185 670 ac

126 710 277 791 deinceps
296 711 422 790 aliquot
442 709 557 772 diebus
576 709 618 772 ad
637 715 750 790 portas
768 710 873 772 maior
890 729 992 789 prope
1011 711 1185 773 mulierum

126 830 225 890 quam
245 813 389 875 virorum
409 811 589 874 multitudo
608 813 712 888 stetit,
732 819 791 875 aut
810 831 944 874 suorum
963 812 1108 892 aliquem
1127 819 1185 874 aut

67 965 70 971 .
126 913 258 974 nuntios
286 913 327 976 de
356 913 394 975 iis
424 913 604 992 opperiens,
636 912 1049 991 circumfundebanturque
1080 913 1185 975 obviis

125 1011 336 1088 sciscitantes,
369 1032 475 1092 neque
506 1012 612 1088 avelli,
644 1013 759 1091 utique
789 1012 832 1075 ab
863 1012 960 1088 notis,
992 1013 1185 1092 priusquam

77 1119 106 1166 12
126 1111 238 1175 ordine
258 1114 367 1175 omnia
389 1114 608 1193 inquisissent,
629 1119 795 1192 poterant.
841 1112 923 1175 Inde
943 1112 1053 1174 varios
1073 1112 1186 1175 vultus

127 1209 376 1288 digredientium
403 1213 445 1275 ab
472 1214 596 1276 nuntiis
623 1232 777 1289 cerneres,
804 1219 844 1275 ut
870 1212 987 1292 cuique
1012 1212 1101 1275 lacta
1128 1218 1186 1274 aut

127 1311 232 1374 tristia
251 1313 501 1389 nuntiabantur,
521 1313 783 1396 gratulantisque
801 1318 860 1374 aut
879 1311 1080 1385 consolantis
1098 1313 1186 1375 rede-

126 1410 261 1474 untibus
292 1412 408 1475 domos
440 1413 661 1475 circumfusos.
706 1411 916 1475 Feminarum
947 1412 1123 1491 praecipue
1153 1417 1186 1474 et

78 1524 106 1571 1³
126 1511 245 1589 gaudia
274 1513 411 1591 insignia
440 1520 534 1575 erant
562 1519 596 1575 et
624 1512 742 1576 luctus
788 1512 898 1574 Unam
927 1511 960 1572 in
989 1512 1061 1590 ipsa
1090 1518 1187 1591 porta

122 1611 240 1690 sospiti
256 1612 321 1673 filio
343 1619 480 1692 repente¹
496 1612 643 1674 oblatam
664 1612 697 1673 in
721 1611 893 1691 complexu
915 1611 984 1674 eius
1006 1612 1187 1690 exspirasse

126 1710 251 1788 ferunt;
285 1712 432 1788 alteram,
455 1713 506 1774 cui
527 1731 614 1774 mors
634 1711 679 1772 fili
699 1711 782 1773 falso
802 1711 958 1774 nuntiata
978 1717 1060 1786 erat,
1083 1731 1186 1773 maes-

128 1817 197 1873 tam
225 1811 393 1874 sedentem
420 1812 510 1873 domi
537 1812 580 1873 ad
607 1811 750 1890 primum
779 1817 991 1889 conspectum
1020 1810 1187 1873 redeuntis

78 1921 107 1967 14
128 1909 172 1971 fili
198 1911 318 1988 gaudio
344 1911 444 1972 nimio
470 1912 704 1973 exanimatam.
750 1911 909 1973 Senatum
935 1915 1103 1988 praetores
1130 1899 1187 1989 per

128 2009 196 2072 dies
215 2011 340 2090 aliquot
360 2011 402 2072 ab
422 2018 494 2073 orto
513 2030 617 2089 usque
636 2010 678 2073 ad
698 2010 902 2072 occidentem
921 2008 1023 2072 solem
1042 2009 1076 2070 in
1097 2010 1186 2071 curia

129 2110 271 2172 retinent
303 2111 534 2185 consultantes
559 2129 704 2190 quonam
729 2109 812 2172 duce
842 2114 902 2171 aut
933 2108 1053 2188 quibus
1085 2109 1187 2188 copiis

35 2294 40 2308 .
129 2209 233 2272 resisti
249 2209 428 2272 victoribus
443 2209 560 2271 Poenis
575 2215 695 2288 posset.
1120 2200 1124 2211 ’

606 2523 707 2585 39-52

78 2728 121 2778 89
173 2704 222 2767 ‘si
252 2709 310 2766 aut
340 2702 506 2781 collegam,
537 2702 570 2763 id
600 2702 688 2781 quod
718 2701 859 2778 mallem,
890 2700 940 2764 tui
968 2698 1118 2776 similem,
1149 2700 1185 2762 L.

130 2803 257 2879 Aemili,
282 2803 417 2865 haberes
440 2809 499 2864 aut
523 2808 560 2864 tu
585 2801 724 2880 collegae
748 2802 797 2864 tui
820 2820 905 2864 esses
928 2800 1050 2875 similis,
1075 2819 1187 2878 super-

93 2922 273 2970 avacanea
301 2908 385 2964 esset
413 2902 518 2964 oratio
546 2922 618 2963 mea
626 2922 634 2977 ;
674 2921 751 2962 nam
778 2906 812 2962 et
840 2900 905 2961 duo
934 2899 1010 2961 boni
1039 2898 1187 2961 consules

128 3004 228 3066 etiam
256 3023 307 3064 me
334 3002 497 3064 indicente
515 3001 633 3062 omnia
659 3020 677 3062 e
703 3020 736 3062 re
763 2999 893 3078 publica
920 2999 1049 3078 fideque
1075 3005 1186 3060 vestra

128 3103 287 3177 faceretis,
308 3109 341 3163 et
360 3102 437 3162 mali
456 3120 514 3162 nec
534 3120 606 3162 mea
625 3100 726 3162 verba
745 3099 878 3160 auribus
897 3099 1013 3160 vestris
1032 3117 1091 3160 nec
1111 3118 1187 3160 con-

93 3203 198 3269 3silia
224 3202 341 3263 animis
367 3201 564 3279 acciperetis.
611 3200 706 3260 Nunc
731 3205 764 3260 et
792 3198 946 3275 collegam
973 3205 1069 3259 tuum
1094 3204 1127 3260 et
1154 3205 1188 3259 te

129 3303 229 3364 talem
247 3302 355 3362 virum
373 3301 514 3363 intuenti
533 3299 612 3360 mihi
631 3305 741 3360 tecum
759 3297 863 3358 omnis
882 3298 987 3358 oratio
1005 3304 1065 3371 est,
1087 3317 1186 3376 quem

129 3404 224 3464 video
241 3401 441 3481 nequiquam
458 3406 490 3462 et
508 3400 614 3461 virum
631 3398 754 3460 bonum
771 3403 804 3459 et
822 3397 925 3458 civem
941 3397 1020 3472 fore,
1039 3398 1065 3458 si
1082 3397 1187 3459 altera

128 3509 222 3582 parte
246 3500 417 3563 claudente
440 3519 472 3561 re
494 3498 625 3577 publica
647 3496 740 3558 malis
763 3496 902 3558 consiliis
924 3496 1010 3557 idem
1032 3517 1069 3557 ac
1093 3497 1188 3558 bonis
