2496 3908
412 934 416 940 ⁸
484 831 589 904 rur
623 831 730 904 arvi

359 1028 428 1102 AB
462 1028 594 1100 vaca
630 1028 853 1103 counrrn

479 1226 616 1289 LIBER
646 1226 730 1287 XXI

119 1391 144 1453 1.
173 1392 214 1454 In
230 1398 325 1471 parte
337 1391 443 1470 operis
460 1393 522 1454 mei
535 1392 610 1455 licet
628 1391 707 1453 mihi
724 1391 875 1471 praefari,
892 1392 981 1471 quod
998 1391 1032 1453 in
1043 1392 1132 1471 prin·
1155 1397 1171 1446 1

74 1493 161 1571 cipio
181 1511 330 1554 summae
354 1493 456 1555 totius
478 1491 613 1571 professi
634 1491 780 1571 plerique
801 1500 880 1554 sunt
903 1511 1012 1554 rerum
1033 1493 1132 1572 scrip-

75 1600 172 1669 toreS,
185 1591 310 1654 bellum
322 1591 465 1653 maxime
482 1591 630 1653 omnium
648 1591 857 1654 memorabile
872 1610 957 1670 quae
972 1610 1132 1671 umquam

74 1699 169 1769 gesta
190 1691 268 1768 sint,
293 1710 345 1753 me
373 1689 582 1768 scripturum,
607 1690 696 1769 quod
731 1690 917 1764 Hannibale
950 1691 1033 1754 duce
1055 1692 1131 1754 Car-

76 1790 294 1868 thaginienses
317 1809 393 1852 curn
415 1790 537 1868 populo
555 1791 706 1852 Romano
729 1809 864 1868 gessere.
916 1791 1002 1852 Nam
1025 1811 1131 1871 neque
1155 1805 1170 1849 a

75 1889 249 1954 validiores
273 1889 390 1968 opibus
414 1889 499 1951 ullae
523 1889 609 1952 inter
633 1908 667 1951 se
693 1889 844 1953 civitates
860 1897 1038 1970 gentesque
1057 1912 1132 1955 con·

75 1991 223 2054 tulerunt
250 2009 342 2051 arma
367 2008 474 2068 neque
502 1988 551 2051 his
579 1990 657 2067 ipsis
687 1996 820 2052 tantum
835 2010 995 2069 umquam
1012 1992 1132 2055 virium

75 2097 134 2153 aut
153 2089 276 2152 roboris
294 2089 368 2166 fuit,
386 2096 420 2152 et
438 2088 527 2151 haud
546 2089 676 2166 ignotas
693 2089 770 2152 belli
787 2098 873 2153 artes
889 2090 975 2153 inter
989 2111 1058 2154 sese
1074 2092 1130 2155 sed

74 2196 228 2268 expertas
250 2188 355 2268 primo
377 2189 501 2250 Punico
526 2188 739 2252 conferebant
762 2189 858 2265 bello,
879 2196 912 2253 et
938 2191 1020 2254 adeo
1039 2192 1132 2255 varia

75 2289 210 2352 fortuna
231 2288 307 2351 belli
328 2307 512 2366 ancepsque
533 2289 620 2349 Mars
645 2287 708 2351 fuit
732 2296 770 2351 ut
793 2289 925 2367 propius
952 2290 1132 2367 periculum

74 2388 197 2451 fuerint
213 2387 269 2466 qui
285 2387 443 2450 vicerunt.
493 2387 584 2450 Odiis
600 2388 704 2450 etiam
723 2405 822 2467 prope
838 2389 1014 2452 maioribus
1029 2398 1132 2454 certa·
1155 2405 1170 2450 a

74 2495 153 2550 runt
168 2506 269 2565 quam
285 2486 419 2563 viribus,
435 2486 593 2549 Romanis
614 2487 872 2565 indignantibus,
897 2488 985 2566 quod
1001 2489 1131 2552 victori-

72 2589 136 2651 bus
160 2587 240 2649 victi
272 2586 359 2649 ultro
391 2586 547 2649 inferrent
584 2606 685 2663 arma,
718 2587 845 2664 Poenis
874 2589 962 2666 quod
994 2591 1132 2667 superbe

75 2705 240 2766 avareque
262 2687 430 2749 crederent
452 2687 675 2766 imperitatum
705 2687 798 2749 victis
824 2705 901 2748 csse.
947 2688 1051 2751 Fama
1081 2697 1131 2754 est
1155 2703 1171 2747 4

74 2787 177 2852 etiarn
212 2785 444 2862 Hannibalem,
486 2805 647 2848 annorum
680 2787 781 2848 ferme
809 2807 939 2864 novem,
966 2789 1132 2866 pueriliter

73 2885 301 2950 blandientem
323 2885 410 2963 patri
428 2886 606 2949 Hamilcari
628 2893 666 2950 ut
682 2886 856 2949 duceretur
874 2886 907 2947 in
925 2887 1131 2968 Hispaniam,

74 3006 151 3049 cum
167 2983 313 3064 perfecto
331 2984 441 3047 Africo
458 2985 545 3048 bello
563 2986 744 3048 exercitum
763 3005 801 3047 eo
817 2986 1017 3060 traiecturus
1035 2989 1132 3051 sacri-

74 3086 197 3162 ficaret,
231 3083 390 3146 altaribus
423 3085 596 3148 admotum
629 3078 728 3148 tactis
761 3087 860 3147 sacris
893 3086 961 3149 iure
994 3087 1132 3153 iurando

75 3187 243 3261 adactum,
269 3203 303 3245 se
332 3203 407 3246 cum
435 3184 578 3263 primum
606 3193 715 3263 posset
747 3184 876 3248 hostem
910 3186 979 3248 iore
997 3190 1132 3267 ‚populo

75 3286 238 3349 Romano.
305 3285 480 3373 Angebant
522 3284 662 3363 ingentis
699 3285 832 3363 spiritus
874 3285 982 3348 virum
1024 3289 1171 3352 Siciliao

27 3410 30 3415 ’
74 3386 294 3466 Sardiniaque
319 3384 472 3446 amissae:
512 3390 646 3446 namet
668 3383 812 3446 Siciliam
832 3384 927 3447 nimis
949 3387 1041 3450 celeri
1061 3390 1134 3452 des-

75 3487 245 3566 peratione
274 3504 383 3547 rerum
411 3503 599 3547 concessam
625 3491 659 3546 et
690 3484 874 3546 Sardiniam
896 3485 982 3549 inter
1005 3496 1141 3551 motum

238 3599 256 3633 a
383 3606 393 3625 v
603 3583 616 3633 l
