2496 3908
90 260 324 326 CHAPS.40,41.]
583 261 671 309 mvr
1112 250 1153 313 41

92 437 304 516 Hispaniam,
328 435 530 515 provinciam
552 457 670 510 meam,
693 457 758 516 quo
780 437 846 499 iam
868 438 1033 516 profectus
1053 457 1153 512 eram,

92 556 171 599 cum
191 537 339 599 exercitu
359 537 404 598 ire
426 556 508 610 meo,
529 536 586 597 ubi
607 543 640 598 et
660 536 797 598 fratrem
818 537 940 599 consilii
962 537 1155 616 participem

92 657 132 698 ac
149 636 286 715 periculi
304 636 429 697 socium
445 634 600 726 haberem
617 642 650 697 et
669 636 910 698 Hasdrubalem
927 637 1037 716 potius
1054 656 1154 716 quam

94 735 321 797 Hannibalem
336 735 466 796 hostem
482 742 515 797 et
533 735 692 797 minorem
708 735 797 796 haud
814 736 911 798 dubie
929 737 1047 798 molem
1063 735 1154 812 belli;

92 844 220 910 tamen,
243 854 317 897 cum
337 834 601 913 praeterveherer
619 835 760 896 navibus
780 834 903 897 Galliae
923 856 1024 911 oram,
1046 836 1088 897 ad
1107 835 1155 896 fa·
1175 846 1190 891 3

93 955 186 997 mam
205 935 303 996 huius
323 934 426 997 hostis
446 935 479 994 in
500 941 621 997 terram
640 954 786 1013 egressus
806 935 983 1013 praemisso
1002 936 1155 1014 equitatu

92 1034 137 1097 ad
156 1033 360 1096 Rhodanum
380 1035 468 1096 movi
489 1040 606 1097 castra.
652 1035 805 1114 Equestri
824 1034 956 1113 proelio,
976 1055 1041 1113 qua
1061 1041 1154 1114 parte
1174 1045 1189 1088 4

92 1135 266 1213 copiarum
294 1134 481 1197 conserendi
509 1154 645 1196 manum
671 1135 805 1197 fortuna
832 1135 911 1197 data
937 1142 997 1210 est,
1026 1135 1154 1198 hostem

90 1234 182 1310 fudi;
217 1234 368 1313 peditum
389 1253 517 1312 agmen,
540 1234 629 1313 quod
651 1235 684 1295 in
706 1234 842 1296 modum
863 1234 1059 1313 fugientium
1081 1255 1154 1314 rap

90 1335 155 1396 tim
178 1333 348 1411 agebatur,
373 1333 450 1412 quia
478 1334 613 1413 adsequi
642 1340 728 1396 terra
750 1353 816 1395 non
839 1341 997 1412 poteram,
1024 1335 1151 1414 [neque]

90 1453 257 1511 regressus
273 1433 316 1494 ad
334 1433 427 1494 navis
448 1434 553 1511 [erat],
571 1439 698 1511 quanta
719 1433 860 1495 maxime
877 1434 969 1511 potui
989 1434 1153 1497 celeritate

91 1540 191 1595 tanto
227 1533 324 1593 maris
358 1540 584 1611 terrarumque
619 1533 756 1595 circuitu
789 1533 822 1593 in
857 1533 1019 1595 radicibus
1053 1553 1153 1612 prope

90 1632 229 1711 Alpium
260 1631 335 1693 huic
367 1632 514 1694 timendo
546 1632 632 1694 hosti
665 1631 782 1694 obvius
813 1632 870 1694 fui.
917 1633 1048 1707 Utrum,
1079 1648 1188 1694 cumo

91 1731 291 1793 declinarem
330 1738 506 1805 certamen,
540 1731 742 1810 improvidus
772 1731 922 1793 incidisse
953 1732 1079 1807 videor,
1110 1753 1152 1793 an

91 1850 262 1893 occurrere
280 1831 313 1890 in
334 1830 479 1908 vestigiis
499 1831 577 1905 eiuS,
594 1831 749 1892 lacessere
772 1851 809 1892 ac
832 1830 960 1892 trahere
980 1831 1023 1892 ad
1044 1832 1151 1919 decer-

90 1929 263 1992 nendum?
309 1929 457 2008 Experiri
478 1929 581 2004 iuvat,
602 1936 714 1991 utrum
734 1928 813 1990 alios
834 1937 966 2009 repente
984 1930 1151 2009 Carthagi·
1172 1947 1187 1992 6

88 2030 220 2092 nienses
240 2048 297 2108 per
318 2029 434 2106 viginti
456 2049 559 2090 annos
581 2036 667 2091 terra
687 2028 837 2104 ediderit,
854 2049 896 2090 an
911 2030 998 2092 idem
1014 2031 1080 2092 sint
1096 2032 1156 2110 qui

90 2129 134 2191 ad
159 2128 294 2206 Aegatis
318 2134 549 2207 pugnaverunt
572 2129 693 2191 insulas
716 2136 749 2191 et
773 2148 854 2208 quos
878 2129 920 2189 ab
944 2130 1048 2206 Eryce
1072 2130 1152 2191 duo-

90 2229 258 2292 devicenis
272 2228 413 2291 denariis
428 2228 620 2290 aestimatos
634 2228 796 2303 emisistis
809 2235 842 2290 et
857 2235 969 2290 utrum
985 2229 1150 2292 Hannibal
1172 2245 1185 2290 r

90 2329 144 2391 hic
163 2329 207 2391 sit
226 2327 375 2391 aemulus
394 2328 550 2390 itinerum
570 2327 729 2402 Herculis,
750 2335 787 2389 ut
806 2327 875 2407 ipse
894 2328 968 2403 fert,
989 2315 1031 2389 an
1051 2330 1151 2391 vecti-

89 2428 172 2507 galis
196 2428 494 2508 stipendiariusque
518 2434 551 2490 et
575 2447 688 2490 servus
712 2427 823 2506 populi
849 2428 990 2489 Romani
1014 2448 1033 2489 a
1057 2435 1151 2507 patre

90 2528 233 2590 relictus.
279 2529 386 2604 Quem
396 2527 457 2589 nisi
469 2527 689 2606 Saguntinum
700 2527 803 2589 scelus
815 2527 964 2605 agitaret,
978 2528 1149 2606 respiceret
1171 2549 1185 2592 8

90 2628 250 2706 profect0,
267 2628 294 2690 si
310 2648 376 2690 non
392 2628 535 2707 patriam
551 2627 685 2701 victam,
703 2627 838 2688 domum
855 2633 940 2689 certe
956 2633 1149 2708 patremque

89 2733 123 2790 et
138 2727 273 2790 foedera
290 2726 485 2789 Hamilcaris
501 2728 622 2806 scripta
640 2746 749 2801 manu,
767 2727 822 2804 qui
839 2727 944 2788 iussus
960 2727 1002 2788 ab
1020 2728 1149 2790 consule

90 2833 205 2889 nostro
221 2827 421 2905 praesidium
437 2827 574 2888 deduxit
589 2826 631 2887 ab
648 2827 763 2904 Eryce,
787 2828 841 2906 qui
852 2847 966 2905 graves
982 2829 1150 2906 impositas
1173 2847 1187 2888 s

90 2927 186 2988 vietis
208 2925 531 3004 Carthaginiensibus
554 2925 638 3004 leges
661 2926 801 2986 fremens
826 2944 1037 3003 maerensque
1061 2945 1149 2987 acoe-

90 3026 150 3105 pit,
167 3027 228 3106 qui·
243 3026 402 3089 decedens
420 3025 527 3088 Sicilia
545 3025 746 3104 stipendium
764 3023 885 3102 populo
902 3024 1053 3085 Romano
1072 3025 1148 3087 dare

91 3132 207 3205 pactus
222 3100 448 3214 estlsltaque
464 3145 607 3204 vosego,
625 3124 753 3199 milites
770 3143 837 3185 non
852 3144 890 3186 eo
906 3124 1011 3184 solum
1027 3124 1146 3201 animo,
1170 3137 1196 3180 ro

90 3246 155 3305 quo
172 3226 331 3288 adversus
348 3225 428 3287 alios
445 3225 555 3288 hostes
572 3224 691 3299 soletis,
710 3243 855 3302 pugnare
872 3223 980 3298 velim,
999 3223 1056 3285 sed
1074 3243 1148 3285 oum

90 3314 483 3407 indignatione'quadam
506 3331 607 3402 atque
629 3324 687 3397 ira,
711 3323 802 3386 velut
825 3322 851 3384 si
874 3342 984 3385 servos
1007 3322 1147 3385 videatis

92 3432 216 3488 vestros
248 3445 340 3487 arma
371 3431 504 3504 repente
536 3430 649 3485 contra
681 3443 739 3485 vos
770 3422 920 3484 ferentes.
966 3422 1073 3485 Licuit
1104 3423 1145 3484 ad
1168 3435 1192 3477 11

93 3516 230 3602 Erycem
254 3523 380 3587 clausos
402 3524 520 3586 ultimo
543 3523 701 3601 supplicio
725 3521 955 3594 humanorum,
978 3521 1075 3593 fame,
1099 3522 1146 3582 in-
