2496 3908
78 211 97 273 6
559 221 650 270 aivr
945 222 1132 287 [aooxxxl.

77 417 170 460 suam
185 398 289 476 ripam
303 398 407 460 tutior
418 397 492 472 fuit,
506 417 547 459 ex
560 397 651 458 varia
665 397 883 475 trepidatione
897 397 1017 458 cumin
1030 416 1135 459 unum

78 497 313 577 colligerentur,
338 497 529 576 priusquam
553 517 572 557 a
597 502 692 558 tanto
716 516 837 574 pavore
850 497 1041 575 reciperent
1066 498 1135 559 ani-

77 617 156 673 mos,
178 596 343 659 Hannibal
364 596 492 675 agmine
510 595 673 675 quadrato
691 616 822 658 amnem
841 597 1002 674 ingressus
1019 597 1135 676 fugam

76 717 116 760 ex
129 697 199 776 ripa
210 697 289 759 iecit
302 696 507 775 vastatisque
520 695 604 774 agris
617 695 703 757 intra
716 715 838 774 paucos
851 697 919 759 dies
931 697 1135 776 Carpetanos

28 809 55 856 17
77 817 207 876 quoque
240 797 272 858 in
307 796 507 858 deditionem
541 795 676 874 accepit.
722 796 766 858 Et
800 797 865 858 iam
898 797 1007 858 omnia
1042 804 1136 860 trans

77 897 236 959 Hiberum
252 903 382 975 praeter
397 895 595 974 Saguntinos
611 895 927 975 Carthaginiensium
943 903 1047 960 erant.
1094 917 1098 928 ·
1146 957 1149 962 .

36 1011 58 1060 6
117 997 199 1060 Cum
229 996 418 1075 Saguntinis
450 995 571 1057 bellum
601 995 748 1057 nondum
778 1002 858 1072 erat,
892 1002 1036 1059 ceterum
1067 998 1136 1059 iarn

77 1097 150 1161 belli
172 1116 270 1158 causa
292 1095 471 1158 certamina
494 1114 567 1156 cum
593 1095 740 1157 finitimis
765 1097 968 1172 serebantur,
990 1098 1135 1160 maxime

41 1196 280 1259 2Turdetanis.
326 1195 452 1270 Quibus
484 1214 558 1256 cum
589 1195 717 1257 adesset
749 1195 844 1270 idem,
877 1197 934 1275 qui
964 1196 1031 1258 litis
1062 1203 1135 1259 erat

76 1303 175 1372 sator,
193 1316 252 1359 nec
270 1301 434 1358 certarnen
452 1295 529 1356 iuris
546 1294 602 1357 sed
620 1296 687 1356 vim
704 1296 816 1374 quaeri
833 1303 1016 1375 appareret,
1033 1296 1135 1376 legati

76 1417 95 1458 a
112 1396 301 1474 Saguntinis
320 1395 461 1456 Romam
478 1395 567 1455 missi
585 1394 743 1456 auxilium
761 1395 803 1456 ad
821 1395 942 1458 bellum
960 1397 1025 1458 iam
1043 1395 1134 1459 haud

40 1495 175 1558 adubie
205 1495 376 1557 imminens
406 1501 545 1556 orantes¹
590 1494 744 1556 Consules
774 1501 853 1557 tunc
883 1495 1009 1558 Romae
1038 1503 1134 1559 erant

77 1597 113 1658 P.
148 1595 313 1658 Cornelius
347 1593 455 1673 Scipio
488 1600 522 1656 et
555 1594 604 1654 Ti.
639 1595 849 1672 Sempronius
883 1596 1024 1674 Longus
1069 1597 1134 1672 Qui

78 1715 152 1758 cum
173 1694 288 1774 legatis
311 1694 343 1755 in
365 1699 517 1756 senatum
540 1693 736 1755 introductis
758 1694 798 1756 de
821 1695 1006 1774 republica
1029 1702 1134 1759 rettu-

76 1795 198 1871 lissent,
222 1793 461 1874 placuissetque
484 1793 572 1855 mitti
594 1793 719 1872 legatos
741 1793 774 1854 in
799 1794 992 1873 Hispaniam
1016 1795 1059 1857 ad
1083 1817 1134 1858 res

41 1910 55 1954 4
76 1895 236 1958 sociorum
262 1892 487 1972 inspiciendas,
514 1892 633 1972 quibus
657 1893 683 1955 si
708 1893 875 1955 videretur
899 1894 997 1972 digna
1023 1915 1132 1972 causa,

76 2002 110 2059 et
128 1993 306 2056 Hannibali
324 1993 556 2056 denuntiarent
574 1999 611 2055 ut
629 1992 671 2055 ab
689 1993 888 2071 Saguntinis,
907 1995 1002 2056 sociis
1020 1996 1133 2074 populi

77 2094 228 2167 Romani,
256 2093 445 2168 abstineret,
472 2099 505 2155 et
531 2092 761 2171 Carthaginem
789 2093 822 2153 in
848 2093 992 2155 Africam
1019 2095 1134 2158 traice

77 2201 149 2258 rent
172 2214 210 2256 ac
232 2193 393 2256 sociorum
416 2192 528 2271 populi
551 2193 693 2254 Romani
716 2192 935 2271 querimonias
958 2193 1132 2270 deferrent,

40 2309 117 2355 t-
131 2293 190 2357 hac
223 2293 384 2373 legatione
417 2292 547 2355 decreta
581 2292 719 2354 necdum
753 2292 861 2367 missa,
897 2294 1043 2354 omnium
1076 2277 1134 2373 spe

77 2394 210 2458 celerius
233 2395 417 2473 Saguntum
441 2393 622 2470 oppugnari
647 2392 785 2453 allatum
808 2398 868 2454 est.
913 2393 1004 2455 Tunc
1030 2389 1134 2456 relata

40 2509 55 2556 6
76 2494 117 2559 de
136 2495 262 2574 integro
282 2513 332 2556 res
351 2493 394 2555 ad
414 2499 581 2568 senatum;
613 2498 647 2554 et
667 2491 721 2552 alii
741 2492 926 2570 provincias
947 2493 1134 2556 consulibus

73 2593 270 2675 Hispaniam
305 2600 406 2673 atque
441 2592 585 2654 Africam
620 2591 829 2654 decernentes
864 2598 950 2654 terra
985 2593 1134 2672 marique

77 2714 143 2759 rem
163 2693 337 2774 gerendam
359 2691 544 2767 censebant,
566 2691 620 2752 alii
641 2697 750 2753 totum
771 2690 804 2750 in
825 2690 1020 2769 Hispaniam
1042 2693 1133 2754 Han-

40 2795 283 2873 tnibalemque
306 2793 521 2857 intendebant
543 2790 680 2866 bellum;
715 2797 819 2864 erant,
844 2791 900 2870 qui
922 2810 988 2852 non
1011 2798 1133 2856 temere

76 2892 270 2957 movendam
305 2911 372 2955 rem
405 2895 532 2951 tantam
566 2887 862 2968 exspectandosque
895 2910 936 2971 ex
973 2891 1134 2970 Hispania

38 3012 55 3060 a
75 2991 199 3071 legatos
221 2994 397 3053 censerent.
444 2989 539 3050 Haec
553 2987 728 3061 sententia,
750 3006 835 3065 quae
856 2990 1022 3052 tutissima
1043 2992 1133 3055 vide

75 3090 184 3165 batur,
216 3089 305 3165 vicit,
338 3087 502 3168 legatique
533 3106 571 3149 eo
602 3086 764 3147 maturius
795 3087 884 3149 missi
916 3089 951 3150 P.
985 3091 1133 3154 Valerius

76 3191 211 3253 Flaccus
233 3196 266 3252 et
290 3190 328 3265 Q.
354 3188 495 3251 Baebius
517 3184 710 3263 Tamphilus
733 3186 917 3264 Saguntum
940 3188 982 3250 ad
1007 3190 1132 3252 Hanni-

76 3290 182 3354 balem
201 3295 302 3369 atque
321 3288 395 3351 inde
414 3286 655 3365 Carthaginem,
675 3284 702 3345 si
720 3304 786 3345 non
804 3286 1018 3350 absisteretur
1035 3288 1131 3367 bello,

75 3391 118 3454 ad
137 3390 254 3453 ducem
273 3389 433 3473 ipsumin
451 3405 592 3467 poenam
610 3383 750 3447 foederis
768 3386 859 3464 rupti
870 3386 1130 3466 deposcendum.

36 3497 55 3547 7
119 3490 206 3553 Dum
237 3509 275 3552 ea
307 3478 895 3678 Romawue,
916 3485 982 3548 iarn
1007 3489 1132 3569 Sagim-
