2496 3908
134 237 197 301 106
615 248 707 298 mvr
982 249 1081 314 [3001
1093 248 1191 300 xxm

133 423 193 486 sub
212 423 338 487 vexillis
355 424 389 485 in
406 422 672 502 supplementum
691 423 871 503 Hispaniae
888 424 1054 504 profectos
1072 425 1192 501 audiit;

96 539 236 603 oparva
263 530 385 599 autem,
414 522 503 602 quod
531 543 587 602 per
613 543 668 586 eos
695 523 763 586 dies
790 544 866 587 eum
892 524 978 587 forte
1006 544 1134 603 agrum,
1161 525 1193 586 in

133 643 198 703 quo
225 625 294 702 ipse
322 630 428 685 castra
454 622 601 699 haberet,
630 623 757 686 venisse
784 623 863 685 nihil
890 623 933 686 ob
960 623 995 685 id
1022 618 1193 687 deminuto

97 735 112 784 7
133 725 238 802 pretio
263 723 430 802 cognitum
452 743 494 785 ex
516 722 662 801 quodam
685 723 818 802 captivo
840 729 901 786 est.
946 721 987 785 Id
1010 743 1090 787 vero
1113 724 1194 788 adeo

133 822 310 902 superbum
337 828 438 901 atque
465 821 637 900 indignum
664 822 783 897 visum,
811 823 881 885 eius
907 821 978 898 soli,
1007 823 1099 902 quod
1126 824 1193 903 ipse

133 923 217 986 bello
247 928 382 1001 captum
411 920 591 999 possideret
619 920 832 1000 haberetque,
862 922 1039 985 inventurn
1067 923 1194 987 Romae

133 1029 325 1102 emptorem,
345 1027 383 1083 ut
402 1019 568 1099 extemplo
587 1027 707 1083 vocato
727 1016 886 1100 praecone
905 1022 1062 1084 tabernas
1082 1042 1193 1101 argen-

134 1123 244 1198 tarias,
262 1142 346 1200 quae
363 1120 570 1182 circatorum
586 1120 775 1182 Romanum
790 1127 909 1197 essent,
926 1122 1056 1184 iusserit
1072 1123 1193 1185 venire.

98 1237 113 1282 8
135 1223 195 1284 His
218 1228 327 1284 motus
350 1220 392 1282 ad
413 1220 548 1282 Tutiam
569 1220 708 1282 fluvium
731 1227 839 1283 castra
861 1215 1001 1298 rettulit,
1024 1240 1084 1285 sex
1106 1222 1193 1283 milia

134 1341 291 1402 passuum
315 1321 357 1382 ab
380 1320 471 1382 urbe.
517 1318 598 1382 Inde
623 1320 665 1381 ad
689 1318 801 1382 lucum
825 1321 982 1384 Feroniae
1007 1320 1115 1400 pergit
1139 1321 1193 1396 ire,

98 1421 295 1500 stemplum
329 1441 367 1483 ea
402 1425 600 1498 tempestate
634 1419 797 1482 inclutum
832 1420 966 1483 divitiis
1011 1420 1195 1500 Capenates

135 1522 264 1601 aliique,
283 1521 339 1600 qui
356 1519 485 1582 accolae
502 1520 570 1582 eius
587 1526 692 1595 erant,
711 1520 872 1599 primitias
888 1520 1022 1599 frugum
1037 1528 1077 1584 eo
1095 1522 1195 1585 dona·

135 1642 198 1701 que
221 1621 285 1683 alia
308 1640 367 1699 pro
391 1620 484 1698 copia
508 1625 679 1699 portantes
703 1619 808 1682 multo
831 1640 911 1683 auro
935 1603 1140 1701 argentoque
1161 1621 1195 1683 id

134 1727 331 1785 exornatum
350 1719 529 1782 habebant.
574 1720 619 1780 Iis
638 1719 790 1782 omnibus
810 1719 904 1782 donis
923 1725 997 1782 tum
1015 1721 1195 1799 spoliatum

135 1821 306 1900 templum.
351 1818 442 1881 Aeris
476 1819 594 1895 acervi,
629 1839 704 1880 cum
737 1818 855 1882 rudera
888 1819 1008 1883 milites
1042 1820 1194 1899 religione

135 1921 260 1983 inducti
293 1921 445 1994 iacerent,
480 1926 554 1998 post
586 1919 823 1998 profectionem
856 1918 1052 1982 Hannibalis
1086 1921 1194 1999 magni

85 2036 113 2081 10
134 2021 271 2083 inventi.
318 2019 424 2080 Huius
465 2018 636 2096 populatio
679 2018 793 2098 templi
834 2017 925 2081 haud
967 2019 1068 2082 dubia
1110 2021 1195 2085 inter

135 2122 308 2199 scriptores
328 2124 387 2181 est.
432 2117 560 2180 Coelius
580 2119 723 2180 Romam
742 2125 877 2182 euntem
897 2120 939 2182 ab
961 2120 1061 2182 Ereto
1083 2121 1195 2184 dever-

135 2222 212 2284 tisse
228 2240 266 2282 eo
285 2217 505 2280 Hannibalem
523 2217 625 2279 tradit
642 2218 769 2298 iterque
785 2219 854 2281 eius
871 2219 913 2281 ab
931 2219 1036 2282 Reate
1053 2205 1208 2283 Cutiliis-'

86 2336 112 2379 11
135 2341 198 2400 que
216 2326 249 2382 et
267 2319 309 2380 ab
327 2318 498 2379 Amiterno
516 2317 643 2388 orditur
650 2337 658 2393 ;
687 2337 729 2380 ex
761 2317 942 2397 Campania
959 2319 993 2379 in
1010 2319 1193 2394 Samnium,

135 2421 210 2482 inde
238 2420 271 2479 in
301 2417 471 2494 Paelignos
500 2417 684 2496 pervenisse
713 2424 907 2497 praeterque
935 2419 1097 2498 oppidum
1124 2421 1195 2484 Sul-

136 2540 266 2582 monem
296 2519 329 2578 in
358 2517 559 2578 Marrucinos
589 2518 754 2593 transisse,
785 2517 861 2581 inde
890 2518 1023 2581 Albensi
1054 2540 1132 2598 agro
1162 2522 1194 2581 in

136 2622 269 2694 Marsos,
309 2618 384 2678 hinc
423 2618 630 2679 Amiternum
669 2618 870 2698 Forulosque
907 2619 1018 2681 vicum
1056 2621 1193 2683 venisse.

87 2733 115 2777 12
137 2721 250 2799 Neque
272 2719 316 2779 ibi
337 2737 426 2780 error
446 2722 505 2792 est,
529 2718 618 2796 quod
639 2719 725 2780 tanti
748 2719 839 2781 ducis
860 2720 1011 2798 tantique
1032 2721 1194 2783 exercitus

137 2819 274 2897 vestigia
296 2819 383 2880 intra
404 2824 475 2879 tam
495 2817 603 2879 brevis
619 2819 696 2887 ¹aevi
718 2819 909 2881 memoriam
931 2820 1099 2897 potuerint
1121 2841 1195 2884 con-

69 2978 72 2983 ,
137 2919 230 2982 fundi
244 2918 359 2980 —isse
392 2916 479 2979 enim
512 2937 550 2979 ea
585 2924 715 2980 constat
728 2953 779 2993 —,
814 2925 948 2981 tantum
980 2919 1014 2981 id
1047 2920 1194 2996 interest,

88 3032 117 3076 13
138 3018 306 3082 veneritne
322 3038 360 3080 eo
377 3016 493 3080 itinere
510 3016 553 3078 ad
569 3017 694 3094 urbem,
713 3037 756 3079 an
772 3016 814 3078 ab
831 3018 912 3081 urbe
929 3019 962 3080 in
979 3019 1195 3100 Campaniam

140 3118 280 3182 redierit.

91 3228 132 3277 12
184 3217 334 3280 Ceterum
363 3236 429 3279 non
454 3220 615 3297 quantum
642 3214 797 3278 Romanis
824 3215 1020 3292 pertinaciae
1048 3216 1089 3278 ad
1118 3235 1187 3297 pre·

145 3317 297 3378 mendam
327 3316 494 3378 obsidione
520 3316 664 3393 Capuam
693 3314 766 3388 suit,
794 3318 924 3375 tantum
948 3315 989 3376 ad
1012 3316 1188 3378 defenden-

108 3416 217 3478 2dam
243 3416 429 3479 Hannibali.
482 3416 630 3493 Namque
655 3433 711 3492 per
732 3414 899 3477 Samnium
922 3420 955 3476 et
980 3415 1129 3478 Lucanos
1152 3416 1185 3477 in

142 3515 309 3578 Bruttium
326 3535 437 3595 agrum
453 3516 494 3578 ad
509 3515 629 3576 fretum
645 3534 681 3575 ac
699 3513 835 3590 Regium
847 3531 885 3574 eo
898 3533 991 3576 cursu
1004 3513 1185 3590 contendit,
