2496 3908
144 209 185 274 54
621 224 712 274 mvr
1012 227 1110 294 [Boon
1120 230 1186 280 xxi
1203 178 1206 185 Ι

143 404 316 478 sequentes
345 399 573 481 cedentesque,
607 419 745 480 cumque
781 402 824 465 ad
851 408 1037 466 extremum
1066 424 1189 486 aequas-

143 504 216 560 sent
241 504 414 575 certamen,
440 499 544 562 maior
566 506 678 563 tamen
702 501 846 564 hostium
869 503 985 580 caedes,
1010 523 1112 584 penes
1133 505 1190 568 Ro

93 617 258 668 samanos
288 599 378 662 fama
409 599 565 662 victoriae
596 600 670 663 fuit.
714 601 867 664 Ceterum
897 603 1020 665 nemini
1052 605 1190 667 omnium

144 697 247 760 maior
274 718 312 761 ea
340 698 520 779 iustiorque
548 718 648 778 quam
676 699 737 779 ipsi
767 700 889 763 consuli
918 702 1023 766 videri
1029 722 1055 780 ;,
1080 703 1191 784 gaudio

142 797 257 874 efferri,
275 817 340 877 qua
355 804 449 877 parte
466 799 632 878 copiarum
648 800 732 863 alter
747 800 857 863 consul
874 801 982 864 victus
997 802 1095 880 foret,
1111 824 1149 867 ea
1162 824 1192 878 se
1233 846 1235 851 -

106 921 121 966 2
142 897 272 960 vicisse:
298 899 467 961 restitutos
481 919 519 961 ac
533 900 671 962 refectos
684 900 845 963 militibus
858 901 995 978 animos,
1011 922 1072 966 nec
1086 923 1191 983 quem·

142 1016 242 1076 quam
269 1017 337 1060 esse
364 1003 493 1076 praeter
520 999 686 1077 collegam,
708 1001 766 1079 qui
793 1000 931 1063 dilatam
952 1001 1191 1067 dimicationem
1218 1000 1221 1004 ’

74 1157 99 1217 ‘a
141 1096 254 1173 vellet;
283 1116 358 1160 eum
375 1098 485 1160 animo
501 1099 604 1177 magis
621 1117 722 1178 quam
739 1119 871 1179 corpore
888 1120 1022 1180 aegrum
1039 1104 1191 1166 memoria

46 1222 85 1271 Ns
141 1196 283 1259 vulneris
302 1197 405 1259 aciem
424 1203 496 1260 act
482 1198 546 1260 tela
566 1197 704 1282 horrere.
749 1199 812 1262 Sed
831 1219 897 1261 non
916 1220 985 1263 esse
1005 1221 1082 1263 cum
1101 1223 1191 1282 aegro

43 1276 81 1318 ¹·
104 1315 119 1359 3
140 1297 382 1359 senescendum.
428 1297 513 1372 Quid
532 1299 619 1360 enirn
637 1299 724 1361 ultra
743 1299 864 1362 differri
883 1305 942 1362 aut
961 1301 1023 1363 teri
1041 1304 1191 1383 tempus?

140 1396 244 1471 Quem
268 1397 403 1459 tertium
427 1397 601 1472 consulem,
618 1417 715 1476 quem
740 1398 840 1461 alium
861 1399 983 1461 exercit
985 1419 1042 1461 um
1064 1420 1191 1482 exspec-

103 1497 226 1568 4tari?
268 1497 382 1559 Castra
413 1496 729 1575 Carthaginiensium
761 1498 794 1558 in
827 1499 925 1560 Italia
957 1519 995 1561 ac
1027 1520 1131 1581 prope
1160 1502 1191 1562 in

140 1603 315 1675 conspectu
342 1596 431 1658 urbis
457 1616 535 1658 esse.
581 1596 655 1657 Non
682 1596 824 1660 Siciliam
851 1619 889 1660 ac
916 1598 1104 1661 Sardiniam
1128 1601 1190 1663 vic·

139 1696 181 1758 tis
202 1696 374 1774 ademptas
396 1715 454 1758 nec
477 1696 521 1757 cis
544 1696 704 1758 Hiberum
726 1697 921 1775 Hispaniam
942 1698 1022 1776 peti,
1045 1699 1105 1762 sed
1124 1700 1191 1762 solo

138 1795 245 1875 patrio
275 1802 436 1874 terraque,
468 1795 501 1855 in
531 1814 596 1874 qua
627 1796 728 1873 geniti
757 1796 875 1871 forent,
906 1797 983 1876 pelli
1012 1797 1189 1862 Romanos.

102 1896 323 1971 o‘Quantum
365 1895 592 1973 ingemiscant'
636 1895 743 1974 inquit
785 1896 911 1974 ‘patres
952 1898 1066 1973 nostri,
1111 1900 1191 1962 circa

137 1996 264 2057 moenia
292 1994 497 2073 Carthaginis
526 1995 645 2057 bellare
674 1995 771 2071 soliti,
801 1996 827 2057 si
856 1996 991 2058 videant
1020 2017 1090 2074 nos,
1120 2019 1191 2078 pro-

136 2096 261 2174 geniem
285 2114 388 2169 suam,
414 2095 496 2156 duos
520 2094 666 2156 consules
690 2094 939 2174 consularesque
961 2097 1136 2175 exercitus,
1160 2099 1191 2160 in

48 2222 52 2228 ·
136 2195 243 2258 media
266 2194 364 2257 Italia
387 2194 539 2272 paventis
562 2194 648 2271 intra
672 2200 789 2269 castra,
814 2194 971 2270 Poenum,
996 2195 1086 2274 quod
1109 2198 1193 2261 inter

136 2295 226 2374 Alpis
255 2294 552 2373 Appenninumque
585 2293 653 2371 agri
685 2293 738 2368 sit,
762 2313 840 2355 suae
872 2293 1008 2356 dicionis
1039 2295 1190 2360 fecissel'

99 2412 114 2456 6
137 2396 226 2457 Haec
246 2393 404 2483 adsidens
431 2412 527 2470 aegro
555 2392 705 2470 collegae,
733 2391 847 2454 haec
840 2413 873 2453 1n
899 2394 1064 2472 praetorio
1090 2416 1193 2476 prope

136 2501 211 2556 cont
198 2466 420 2556 tionabundus
452 2512 555 2570 agere
601 2491 801 2555 Stimulabat
832 2498 865 2554 et
897 2499 1029 2572 tempus
1059 2497 1192 2576 propin-

135 2613 237 2672 quum
259 2592 475 2666 comitiorum,
497 2611 537 2653 ne
559 2591 592 2651 in
612 2611 716 2653 novos
737 2591 884 2654 consules
905 2593 1027 2655 bellum
1048 2594 1192 2660 differre-

135 2700 189 2754 tur
209 2700 242 2755 et
264 2692 389 2753 occasio
411 2691 444 2750 in
465 2710 499 2752 se
519 2710 623 2752 unum
644 2691 821 2754 vertendae
841 2692 972 2770 gloriae,
994 2693 1075 2756 dum
1097 2715 1193 2775 aeger

100 2794 255 2871 scollega
288 2798 368 2854 erat.
414 2791 533 2869 Itaque
565 2791 765 2870 nequiquam
798 2791 1010 2855 dissentiente
1042 2793 1192 2859 Cornelio

76 2940 79 2946 .
135 2893 241 2971 qrarari
258 2892 301 2954 ad
319 2891 540 2970 propinquum
559 2896 723 2952 certamen
741 2890 860 2953 milites
878 2891 979 2954 iubet.

176 2991 341 3055 Hannibal
361 3010 445 3064 cum,
464 2989 543 3068 quid
560 2990 724 3068 optimum
740 2990 825 3052 foret
843 2990 940 3067 hosti,
959 2999 1116 3078 comeret,
1134 2995 1193 3058 vix

134 3092 234 3153 ullam
259 3111 350 3169 spem
374 3088 517 3150 habebat
541 3095 662 3150 temere
685 3096 786 3167 atque
808 3090 989 3167 improvide
1013 3093 1191 3174 quicquam

99 3191 280 3254 sconsules
303 3195 433 3251 acturos
441 3208 449 3263 ;
503 3207 575 3248 oum
605 3187 736 3249 alterius
769 3188 942 3265 ingenium,
971 3192 1006 3252 la
1133 3197 1140 3209 '

134 3291 302 3377 deincps
321 3288 498 3366 cognitum,
518 3285 679 3362 percitum
697 3304 735 3346 ac
753 3285 845 3345 ferox
864 3287 959 3348 sciret
975 3212 1191 3364 efferi&-

129 3372 380 3470 usqiss'lactum
397 3405 551 3464 prospero
570 3403 643 3445 curn
662 3384 911 3461 praedatoribus
928 3386 994 3447 suis
1013 3389 1192 3453 certamine

135 3476 288 3564 crederet,
313 3487 425 3549 adesse
449 3483 608 3563 gerendae
632 3483 677 3544 rei
700 3484 869 3545 fortunam
893 3483 982 3546 haud
1006 3485 1188 3553 diffidebat.
