2496 3908
62 275 346 343 cussiniaco]
552 277 642 327 mvr
1063 267 1127 333 125

63 471 167 532 quam
188 451 287 514 latior
306 451 392 514 acies
412 458 499 529 erat;
532 452 642 515 Gallos
663 453 851 534 prominens
873 453 961 518 collis
982 455 1125 533 tegebat.

63 553 114 614 Ea
124 551 335 631 frons,quam
346 551 485 632 Hispani
497 552 666 628 tenebant,
674 573 749 615 cum
759 553 890 616 sinistro
901 554 1127 618 Romanorum
1146 564 1161 609 8

65 671 168 714 cornu
203 651 382 727 concurrit,
429 651 546 714 dextra
580 652 686 714 omnis
720 652 805 715 acies
838 659 933 716 extra
967 653 1127 734 proelium

63 751 211 814 eminens
226 750 391 828 cessabat,
417 750 506 813 collis
519 751 690 831 oppositus
703 752 846 828 arcebat,
860 773 902 816 ne
915 760 973 816 aut
987 773 1006 815 a
1018 754 1126 817 fronte

64 857 123 914 aut
137 850 180 912 ab
194 850 296 914 latere
309 850 575 929 adgrederentur.
621 852 713 914 Inter
725 852 856 914 Livium
871 852 1126 916 Hasdrubalem·
1145 871 1161 917 9

63 970 127 1030 quc
152 950 266 1028 ingens
291 957 500 1013 contractum
525 957 690 1014 certamen
715 958 796 1028 erat,
823 958 985 1032 atroxque
1011 951 1125 1016 caedes

63 1049 231 1130 utrimque
266 1050 436 1113 edebatur.
482 1050 533 1112 Ibi
570 1051 668 1113 duces
704 1051 812 1127 ambo,
836 1051 881 1113 ibi
917 1071 993 1132 pars
1023 1052 1126 1116 maior
1145 1059 1175 1106 1⁰

63 1149 215 1228 peditum
246 1150 464 1230 equitumque
497 1150 734 1227 Romanorum,
767 1151 812 1213 ibi
846 1151 995 1231 Hispani,
1028 1158 1125 1215 vetus

63 1249 155 1313 miles
183 1249 375 1330 peritusque
403 1250 575 1312 Romanae
602 1269 741 1331 pugnae,
770 1257 804 1314 et
832 1251 976 1330 Ligures,
1005 1251 1124 1314 durum

62 1350 95 1410 in
109 1349 210 1412 armis
222 1370 334 1428 genus.
380 1350 507 1413 Eodem
520 1351 604 1413 versi
617 1350 794 1431 elephanti,
809 1351 865 1431 qui
879 1352 985 1431 primo
997 1351 1124 1432 impetu

56 1450 281 1513 ‘turbaverant
308 1450 541 1528 antesignanos
567 1456 601 1512 et
627 1450 694 1512 iam
720 1451 812 1529 signa
839 1457 1011 1514 moverant
1037 1450 1123 1529 loco;
1144 1459 1172 1505 11

62 1549 179 1612 deinde
206 1556 368 1613 crescente
395 1550 571 1613 certamine
596 1556 630 1612 et
657 1549 796 1613 clamore
822 1551 1037 1636 impotentius
1057 1551 1124 1613 iam

63 1649 128 1727 regi
155 1656 190 1712 ct
216 1649 303 1711 inter
329 1650 411 1712 duas
438 1650 523 1711 acies
551 1650 682 1724 versari,
711 1649 802 1712 velut
829 1650 954 1726 incerti,
983 1671 1124 1730 quorum

61 1755 182 1824 essent,
203 1748 293 1811 haud
313 1749 513 1812 dissimiliter
532 1749 673 1811 navibus
692 1749 761 1812 sine
780 1748 1000 1828 gubernaculo
1020 1750 1121 1828 vagis.

62 1842 220 1911 Claudius
245 1849 342 1928 ‘quid
371 1869 446 1927 ergo
474 1849 644 1928 praecipiti
675 1869 770 1912 cursu
800 1856 870 1911 tam
898 1849 1033 1928 longum
1061 1851 1124 1913 iter
1143 1865 1172 1911 12

61 1950 184 2012 emensi
207 1949 358 2011 sumusl'
394 1948 758 2025 clamitans‘militibus,
784 1970 858 2012 cum
884 1949 917 2011 in
947 1949 1122 2013 adversum

62 2048 177 2110 collem
191 2047 313 2110 fmstra
327 2047 420 2126 signa
434 2049 554 2126 erigere
569 2055 706 2111 conatus
720 2055 815 2124 esset,
831 2055 1009 2128 postquam
1022 2070 1060 2112 ea
1075 2070 1122 2112 rc-

60 2149 155 2227 gionc
181 2148 344 2228 penetrari
370 2148 413 2225 ad
436 2148 566 2211 hostem
590 2168 656 2210 non
682 2149 817 2211 videbat
843 2169 946 2228 posse,
973 2149 1122 2213 cohortes
1143 2167 1171 2212 13

61 2248 189 2328 aliquot
213 2247 394 2309 subductas
417 2267 435 2309 e
459 2247 575 2311 dextro
600 2268 711 2324 cornu,
737 2248 792 2310 ubi
817 2248 995 2311 stationem
1019 2249 1121 2328 magis

59 2367 193 2426 segnem
225 2367 326 2427 quam
358 2367 503 2427 pugnam
534 2348 683 2410 futuram
715 2348 879 2424 cernebat,
911 2354 987 2429 post
1018 2349 1122 2412 aciem
1142 2365 1171 2411 14

60 2446 277 2509 circumducit
305 2453 339 2510 et
367 2467 433 2509 non
461 2447 611 2510 hostibus
640 2448 738 2510 modo
766 2448 823 2512 sed
850 2448 953 2511 etiam
979 2448 1046 2512 suis
1073 2449 1121 2511 in-

58 2546 274 2625 opinantibus
299 2546 332 2607 in
359 2546 513 2609 dextrum
538 2546 684 2610 hostium
708 2547 796 2610 latus
821 2547 957 2611 incurrit
964 2569 973 2625 ;
1010 2554 1121 2612 tanta-

58 2666 123 2725 que
154 2645 301 2708 celeritas
331 2646 405 2720 fuit,
437 2652 484 2721 ut,
517 2667 592 2709 cum
621 2647 841 2711 ostendissent
870 2667 904 2710 sc
934 2647 976 2709 ab
1005 2647 1119 2725 latere,

58 2766 138 2807 mox
166 2745 199 2806 in
228 2752 320 2824 terga
348 2746 415 2808 iam
443 2752 638 2825 pugnarent.
684 2748 738 2808 Ita
766 2767 809 2809 ex
836 2746 989 2810 omnibus
1018 2747 1170 2827 parti-15

57 2846 130 2919 bna,
162 2845 204 2907 ab
221 2844 353 2927 tronto,
385 2845 427 2906 ab
461 2845 573 2921 latere,
604 2846 647 2907 ab
683 2852 785 2924 tergo,
817 2846 1027 2909 trucidantur
1062 2847 1121 2909 Hi-

56 2944 152 3025 spani
181 2945 390 3024 Liguresque,
413 2952 446 3007 et
475 2945 517 3007 ad
545 2945 655 3008 Gallos
683 2946 749 3007 iam
773 2946 886 3009 caedes
914 2952 1118 3026 pervenerat.

58 3044 109 3105 Ibi
137 3044 309 3105 minimum
335 3045 521 3106 certaminis
546 3045 627 3107 fuit:
664 3065 743 3107 nam
767 3051 801 3108 et
828 3065 903 3125 pars
929 3065 1049 3124 magna
1076 3046 1118 3108 ab
1141 3061 1169 3106 rc

57 3145 158 3222 signis
191 3144 339 3219 aberant,
373 3152 469 3207 nocte
503 3144 619 3224 dilapsi
652 3146 818 3224 stratique
850 3165 965 3208 somno
997 3145 1121 3226 passim

58 3264 117 3324 per
143 3263 248 3321 agros,
277 3250 311 3306 et
338 3245 394 3323 qui
423 3245 572 3319 aderant,
601 3245 718 3306 itinere
746 3264 784 3306 ac
812 3244 929 3323 vigiliis
956 3244 1042 3322 fessi,
1071 3246 1120 3307 in·

57 3343 313 3406 tolerantissima
340 3343 460 3405 laboris
489 3364 634 3423 corpora,
664 3345 720 3405 vix
748 3353 839 3406 a'rma
866 3345 986 3410 umeris
1013 3351 1119 3423 gesta-

57 3444 156 3519 bant,·
187 3449 221 3504 et
240 3443 306 3504 iam
326 3442 388 3505 diei
409 3443 554 3505 medinm
573 3449 654 3518 erat,
674 3443 811 3523 sitisque
829 3450 863 3506 et
883 3443 970 3506 calor
988 3444 1118 3507 hiantes
1141 3450 1168 3496 1⁷

58 3542 240 3605 caedendos
263 3541 503 3621 capiendosque
528 3541 669 3605 adfatim
699 3542 889 3622 praebebat.
933 3543 1189 3669 Elephantida¹
