2504 3900
141 241 181 304 36
256 328 259 333 Ι
621 252 710 303 arvr
1010 255 1115 321 [soon
1128 258 1201 311 xxi

105 414 252 507 siiaque
279 434 312 491 et
340 428 523 513 desperatio
550 429 583 491 in
610 429 758 492 omnium
784 430 881 494 vultu
907 429 1080 507 emineret,
1111 453 1201 513 prae·

140 546 265 605 gressus
293 528 384 607 signa
413 528 579 590 Hannibal
607 529 640 589 in
668 529 896 608 promunturio
923 529 1084 609 quodam,
1115 533 1201 596 unde

139 625 234 704 longe
256 647 293 689 ac
315 627 381 690 late
404 636 595 707 prospectus
617 637 698 705 erat
723 629 897 692 consistere
918 629 1014 691 iussis
1036 631 1201 696 militibus

141 726 272 788 ltaliam
294 735 441 790 ostentat
463 728 691 807 subiectosque
714 728 840 811 Alpinis
861 729 1031 792 montibus
1043 729 1201 837 Circum-

105 826 286 905 ›padanos
312 848 454 906 campos,
481 828 675 907 moeniaque
698 848 753 891 eos
778 835 851 892 tum
875 810 1139 895 radscendere
1135 850 1201 895 non

142 925 256 989 ltaliae
283 927 379 990 modo
405 928 588 991 sedetiam
614 928 702 990 urbis
728 928 913 1004 Romanae;
952 934 1061 992 cetera
1088 890 1235 1009 plana&

142 1025 296 1104 proclivia
314 1027 398 1104 fore;
429 1048 494 1090 uno
513 1036 572 1091 aut
590 1048 757 1103 summurn
774 1027 877 1091 altero
895 1027 1017 1107 proelio
1036 1048 1153 1094 arcem
1168 1037 1201 1095 et

141 1133 240 1204 caput
260 1126 375 1190 ltaliae
394 1128 426 1189 in
446 1148 602 1191 manuae
621 1134 785 1207 potestate
804 1127 984 1190 habituros.

92 1242 119 1286 10
182 1227 358 1290 Procedere
386 1227 460 1291 inde
488 1248 605 1307 agmen
633 1228 750 1306 coepit,
778 1228 844 1289 iam
870 1226 949 1289 nihil
977 1246 1018 1290 ne
1046 1227 1200 1295 hostibus

141 1326 273 1405 quidem
298 1335 426 1405 praeter
451 1348 553 1406 parva
578 1327 667 1390 furta
692 1347 749 1406 per
773 1327 976 1390 occasionem
1000 1330 1200 1408 temptanti·

92 1440 119 1485 11
140 1426 211 1488 bus.
255 1426 408 1490 Ceterum
435 1426 497 1490 iter
525 1426 629 1490 multo
657 1447 758 1507 quam
785 1427 818 1488 in
846 1446 982 1490 ascensu
1008 1427 1134 1505 fuerat,
1163 1436 1199 1493 ut

141 1524 293 1605 pleraque
317 1526 450 1606 Alpium
474 1527 515 1588 ab
540 1526 638 1590 Italia
661 1527 745 1589 sicut
769 1527 918 1590 breviora
941 1527 989 1589 ita
1012 1527 1198 1592 adrectiora

92 1647 120 1692 12
140 1632 227 1702 sunt,
257 1626 417 1689 difficilius
444 1627 518 1689 fuit.
564 1627 678 1689 Omnis
705 1627 792 1689 enim
818 1627 919 1690 ferme
946 1625 1002 1688 via
1028 1646 1196 1709 praecepa,

140 1734 289 1804 angusta,
309 1725 434 1788 lubrica
453 1733 534 1801 erat,
551 1734 588 1788 ut
604 1746 709 1805 neque
724 1727 882 1789 sustinere
902 1746 935 1789 se
955 1727 996 1789 ab
1011 1726 1109 1806 lapsu
1124 1748 1197 1808 pos·

76 1810 79 1817 ¹
139 1831 211 1888 sent
231 1845 299 1900 nec,
322 1826 376 1905 qui
398 1825 533 1905 paulum
553 1826 763 1906 titubassent,
784 1825 915 1889 haerere
935 1824 1036 1887 adfixi
1056 1828 1196 1907 vestigio

139 1944 208 1999 suo,
235 1924 354 2004 aliique
380 1945 477 2004 super
502 1925 581 1986 alios
606 1931 640 1987 et
665 1925 812 1987 iumenta
838 1924 871 1986 in
896 1922 1045 1988 homines
1070 1927 1197 1991 occide·

140 2032 222 2086 rent.

89 2144 131 2192 3ss
184 2127 326 2188 Ventum
355 2126 471 2189 deinde
499 2126 541 2188 ad
569 2125 673 2188 multo
702 2126 923 2203 angustiorem
951 2146 1067 2205 rupem
1095 2134 1197 2208 atque

140 2225 187 2287 ita
212 2226 306 2287 rectis
330 2227 416 2287 saxis
441 2233 479 2288 ut
503 2245 596 2303 aegre
620 2225 793 2304 expeditus
818 2224 908 2287 miles
933 2216 1235 2311 temptabundus-j

140 2325 354 2404 manibusque
377 2326 519 2388 retinens
543 2326 684 2403 virgulta
707 2346 750 2412 acy
767 2324 884 2404 stirpes
908 2326 991 2387 circa
1012 2326 1196 2391 eminentes

103 2445 117 2487 ‘r
139 2424 310 2487 demittere
332 2445 400 2488 sese
424 2433 543 2504 posset.
589 2426 716 2487 Natura
738 2424 828 2487 locus
850 2425 917 2487 iam
939 2430 1016 2488 ante
1039 2400 1209 2507 praecepsi

139 2525 259 2586 recenti
282 2524 376 2603 lapsu
401 2533 505 2587 terrae
529 2526 562 2585 in
587 2524 708 2603 pedum
733 2522 818 2586 mille
842 2524 1023 2586 admodum
1046 2523 1196 2589 altitudi-

103 2643 117 2685 s
139 2643 213 2685 nem
231 2624 390 2703 abruptus
407 2631 488 2687 erat.
535 2624 585 2685 lbi
604 2644 678 2686 cum
694 2624 785 2686 velut
803 2624 845 2685 ad
862 2624 962 2685 finem
977 2624 1050 2686 viae
1066 2625 1196 2705 equites

140 2724 371 2799 constitissent,
397 2724 528 2786 miranti
554 2724 731 2785 Hannibali
755 2743 839 2802 quae
863 2744 912 2786 res
935 2729 1120 2786 moraretur
1141 2745 1196 2803 ag-

103 2841 223 2897 emen,
254 2824 427 2886 nuntiatur
456 2844 571 2903 rupem
600 2824 724 2884 inviam
753 2843 831 2885 esse.
878 2823 1047 2901 Digressus
1077 2823 1196 2887 deinde

139 2922 206 3001 ipse
224 2923 266 2985 ad
284 2923 390 2985 locum
409 2925 591 2986 visendum.
638 2922 737 2984 Haud
755 2922 855 2984 dubia
873 2943 922 2985 res
940 2923 1020 2997 visa,
1040 2923 1120 3001 quin
1139 2944 1197 3003 per

139 3022 227 3083 invia
255 3023 337 3085 circa
364 3045 422 3086 nec
449 3024 528 3085 trita
555 3030 653 3086 antea
680 3023 831 3101 quamvis
857 3023 953 3100 longo
980 3022 1109 3085 ambitu
1137 3025 1196 3086 cir-

103 3123 347 3186 scumduceret
378 3144 504 3201 agmen.
550 3124 598 3184 Ea
629 3143 706 3185 vero
736 3123 790 3183 via
820 3120 1088 3201 inexsuperabilis
1118 3123 1194 3186 fuit.

140 3223 225 3284 Nam
248 3245 321 3285 cum
342 3244 438 3302 super
459 3230 604 3285 veterem
624 3223 734 3285 nivem
755 3222 917 3284 intactam
937 3242 1024 3284 nova
1046 3222 1197 3287 modicae

139 3322 323 3385 altitudinis
354 3330 448 3397 esset,
482 3322 569 3384 molli
603 3342 661 3385 nec
694 3320 859 3400 praealtae
890 3321 984 3384 facile
1017 3321 1115 3400 pedes
1148 3323 1196 3384 in-

103 3436 118 3482 6
139 3423 355 3501 gredientium
375 3422 585 3497 insistebant3
617 3428 655 3483 ut
675 3441 751 3483 vero
771 3428 823 3483 tot
842 3421 1013 3482 hominum
1032 3421 1196 3485 iumento-

125 3543 276 3603 rumque
305 3523 431 3585 incessu
461 3522 586 3600 dilapsa
616 3528 675 3596 est,
707 3540 763 3598 per
792 3522 915 3583 nudam
944 3521 1029 3582 infra
1058 3520 1197 3599 glaciem
