2496 3908
93 246 330 314 estimant-ra]
587 247 677 297 rrvr
1118 233 1158 297 33

91 429 342 497 montanorum,
369 422 505 484 edoctus
532 372 673 484 ililelidlu
700 428 833 484 tantum
859 422 999 484 obsideri
1025 422 1157 497 saltum,

91 528 192 582 nocte
222 522 256 581 in
285 540 344 583 sua
373 541 536 601 quemque
566 521 667 582 dilabi
696 528 794 596 tecta,
824 521 896 583 luce
924 522 1029 599 prima
1057 520 1158 583 subiit

91 621 252 696 tumulos,
276 626 314 682 ut
335 641 376 682 ex
397 627 512 698 aperto
534 628 635 700 atque
657 621 799 682 interdiu
822 621 889 681 vim
911 641 969 700 per
990 622 1159 699 angustias

90 721 250 784 factums-
318 721 378 782 Die
415 719 532 782 deinde
570 721 752 783 simulando
794 720 892 796 aliud,
932 740 1031 799 quam
1072 721 1157 800 quod
1181 742 1207 785 11

91 820 288 900 parabatur,
326 827 521 898 consumpto
558 840 632 881 oum
667 820 792 895 eodem,
829 840 894 899 quo
930 821 1157 896 constiterant,

91 920 165 983 loco
188 927 296 981 castra
317 921 583 995 communissent,
604 919 661 981 ubi
681 921 823 998 primum
843 920 1002 997 digressos
1022 921 1158 982 tumulis
1180 937 1208 980 12

90 1026 273 1082 montanos
299 1019 494 1103 laxatasque
521 1020 622 1082 sensit
650 1020 825 1094 custodias,
854 1019 1002 1098 pluribus
1030 1020 1158 1099 ignibus

90 1139 197 1198 quam
219 1139 279 1198 pro
301 1139 436 1181 numero
459 1120 664 1181 manentium
686 1119 719 1179 in
741 1119 882 1197 speciem
903 1119 1000 1180 factis
1022 1120 1157 1198 impedi-

90 1220 282 1298 mentisque
302 1239 376 1281 cum
395 1221 506 1298 equite
526 1219 645 1281 relictis
664 1225 697 1280 et
717 1219 862 1280 maxima
881 1225 976 1297 parte
996 1219 1156 1298 peditum,

90 1321 163 1399 ipse
177 1338 252 1380 curn
263 1319 435 1397 expeditis,
449 1319 605 1380 acerrimo
618 1337 748 1397 quoque
761 1305 841 1393 viro,
855 1319 976 1396 raptim
988 1320 1157 1397 angustias
1180 1333 1207 1376 13

89 1419 208 1482 evadit
220 1419 324 1497 iisque
335 1419 413 1497 ipsis
424 1419 569 1493 tumulis,
583 1438 665 1496 quos
677 1418 786 1479 hostes
799 1425 983 1492 tenuerant,
998 1419 1154 1482 consedit.

136 1519 248 1580 Prima
269 1519 385 1580 deinde
404 1518 475 1580 luce
496 1525 602 1580 castra
623 1525 714 1579 mota
734 1525 767 1580 et
788 1537 904 1595 agmen
925 1518 1087 1597 reliquum
1106 1519 1154 1579 in·
1163 1532 1206 1580 33

92 1619 209 1682 cedere
235 1619 350 1696 coepit.
397 1618 469 1679 lam
494 1619 642 1680 montani
667 1618 757 1695 signo
782 1617 860 1680 dato
883 1638 925 1680 ex
950 1619 1088 1680 castellis
1112 1619 1191 1681 ada

91 1718 276 1781 stationem
292 1717 422 1780 solitam
441 1717 690 1791 conveniebant,
710 1737 784 1778 cum
801 1724 933 1795 repente
951 1718 1154 1797 conspiciunt
1238 1736 1242 1741 ’

91 1818 176 1880 alios
203 1837 276 1879 arce
304 1824 464 1896 occupata
492 1836 550 1878 sua
578 1836 674 1894 super
710 1823 808 1894 caput
836 1817 1045 1892 imminentis,
1076 1817 1155 1900 alnis

92 1918 149 1979 via
182 1917 320 1979 transire
351 1916 463 1982 hostis.
509 1919 657 2030 lgtraqpe
688 1915 783 1977 simul
815 1916 943 1978 obiecta
975 1937 1024 1978 res
1055 1919 1190 1979 oculisa

92 2018 280 2096 animisque
305 2016 487 2079 immobiles
513 1997 689 2095 paidmrler
714 2037 768 2078 eos
795 2016 924 2092 defixit;
964 2017 1090 2093 deinde,
1117 1996 1226 2081 utd'f

93 2117 352 2196 trepidationem
377 2117 410 2177 in
437 2117 596 2193 angustiis
622 2136 746 2194 suoque
772 2116 879 2194 ipsum
907 2117 1054 2179 tumultu
1081 2118 1155 2178 mis-

94 2217 158 2279 ceri
181 2235 298 2293 agmen
321 2216 441 2291 videre,
464 2216 556 2295 equis
579 2217 720 2277 maxime
744 2217 970 2290 consternatis,
995 2217 1154 2329 quidquid
1174 2232 1189 2274 4

94 2316 290 2378 adiecissent
312 2317 372 2394 ipsi
395 2316 535 2392 terroris,
558 2316 639 2378 satis
660 2316 703 2377 ad
725 2315 899 2395 perniciem
921 2316 989 2377 fore
1013 2320 1087 2392 ratr,
1108 2317 1155 2378 di·

94 2416 197 2478 versis
220 2415 354 2495 rupibus
376 2416 470 2477 iuxta
491 2416 525 2476 in
546 2416 617 2477 vias
638 2436 676 2477 ac
698 2415 794 2477 devia
816 2415 944 2476 adsueti
967 2416 1152 2478 decurrunt.

94 2516 181 2578 Tum
200 2535 277 2577 vero
295 2515 390 2577 simul
410 2515 452 2577 ab
471 2515 621 2577 hostibus
639 2515 735 2577 simul
755 2514 797 2576 ab
816 2515 991 2593 iniquitate
1010 2516 1155 2577 locorum
1174 2531 1189 2572 5

95 2615 196 2677 Poeni
222 2616 510 2694 oppugnabantur,
538 2616 676 2695 plusque
701 2615 787 2677 inter
813 2615 909 2692 ipsos,
937 2615 997 2677 sibi
1025 2635 1154 2695 quoque

95 2714 263 2790 tendente,
285 2721 323 2777 ut
344 2715 486 2794 periculo
507 2716 630 2794 primus
651 2715 815 2788 evaderet,
839 2735 938 2793 quam
960 2735 1035 2777 curn
1055 2715 1155 2777 hosti-

96 2814 156 2877 bus
194 2815 380 2877 certaminis
416 2822 497 2877 erat.
544 2815 628 2894 Equi
667 2815 808 2876 maxime
846 2815 1002 2876 infestum
1038 2827 1189 2893 agmenc

95 2915 273 2990 faciebant,
293 2914 348 2994 qui
367 2922 400 2978 et
420 2915 615 2977 clamoribus
634 2915 782 2988 dissonis,
803 2934 885 2992 quos
903 2933 1036 2977 nemora
1054 2915 1155 2977 etiam

96 3034 367 3094 repercussaeque
398 3014 498 3077 valles
530 3015 706 3093 augebant,
740 3014 844 3075 territi
878 3014 1090 3092 trepidabant
1121 3020 1154 3076 et

95 3114 150 3176 icti
169 3114 256 3177 forte
275 3121 334 3177 aut
353 3114 515 3176 vulnerati
536 3115 617 3177 adeo
638 3113 935 3228 constegppbantur
954 3120 991 3176 ut
1013 3120 1155 3192 stragem

95 3213 263 3292 ingentem
288 3214 383 3275 simul
410 3213 580 3276 hominum
611 3235 648 3276 ac
673 3180 874 3277 sdrblnarum
901 3215 1006 3276 omnis
1031 3215 1155 3292 generis

95 3313 257 3388 iacerent;
292 3313 485 3393 multosque
514 3314 623 3389 turba,
655 3334 729 3376 cum
759 3313 952 3391 praecipites
984 3315 1189 3392 deruptae-r

95 3432 157 3491 que
180 3412 347 3491 utrimque
369 3414 540 3492 angustiae
562 3421 680 3488 essent,
704 3413 737 3473 in
753 3412 948 3475 immensum
972 3414 1155 3476 altitudinis

95 3511 222 3586 deiecit,
247 3511 409 3590 quosdam
431 3520 465 3575 et
488 3519 650 3589 armatos;
674 3513 730 3575 sed
754 3511 866 3573 ruinae
891 3514 1033 3577 maxime
1059 3515 1155 3577 modo

263 3624 282 3658 D
