2496 3908
94 230 196 281 cans.
212 231 289 298 aa]
462 202 468 213 ’
584 231 674 281 mvr
1116 224 1157 287 99

94 427 234 487 propere
258 414 440 487 sequantur
463 407 584 471 milites
608 415 641 471 et
666 414 795 488 partem
821 417 992 490 capessant
1017 430 1156 490 pugnae.

95 508 217 587 Ingens
244 527 361 586 corpus
387 514 469 583 erat,
496 514 529 570 et
557 528 649 570 arma
674 509 905 585 honestabant,
931 516 965 573 et
989 510 1157 573 sublatum
1181 528 1208 571 ro

95 608 164 669 alte
178 607 309 686 signum
328 613 535 669 converterat
556 607 598 669 ad
618 609 843 686 spectaculum
863 610 949 672 cives
971 610 1155 689 hostesque.

55 775 58 779 ,
94 707 250 770 Ceterum
265 713 443 785 postquam
460 707 526 768 iam
542 707 585 768 ad
601 707 693 786 signa
709 715 904 786 pervenerat
921 709 1155 788 Hispanorum,
1180 725 1208 770 17

95 812 169 868 tum
188 805 335 885 undique
354 806 388 866 in
408 825 483 868 eum
503 806 651 885 tragulae
672 808 837 870 coniectae
856 814 890 870 et
910 829 1011 887 prope
1031 815 1103 871 tota
1123 810 1157 870 in

94 925 200 968 unum
222 905 308 968 acies
329 925 438 982 versa;
473 905 530 968 sed
552 927 658 986 neque
680 907 860 969 multitudo
884 907 1029 970 hostium
1052 928 1157 988 neque

95 1005 237 1067 telorum
267 1005 316 1066 vis
346 1025 454 1067 arcere
484 1005 644 1084 impetum
674 1007 742 1068 eius
772 1007 833 1067 viri
863 1013 1052 1086 potuerunt.
1112 1009 1156 1070 Et

94 1105 138 1165 M.
154 1104 275 1166 Atilius
288 1104 415 1182 legatus
427 1105 523 1183 primi
538 1105 692 1184 principis
705 1126 747 1168 ex
759 1105 875 1168 eadem
889 1107 1013 1185 legione
1026 1107 1156 1185 signum
1172 1121 1193 1169 6

94 1205 213 1267 inferre
238 1204 272 1264 in
297 1203 464 1266 cohortem
491 1205 713 1283 Hispanorum
739 1207 862 1284 coepit;
901 1212 935 1268 et
960 1207 1016 1285 qui
1042 1207 1156 1268 castris

94 1309 269 1383 praeerant
283 1302 319 1364 L.
334 1303 467 1365 Porcius
481 1304 613 1365 Licinus
626 1310 659 1366 et
674 1305 711 1366 T.
727 1305 872 1383 Popilius
885 1306 984 1383 legati
997 1305 1156 1384 provallo

93 1402 213 1465 acriter
232 1408 442 1481 propugnant
461 1403 718 1482 elephantosque
738 1405 1013 1482 transgredientes
1032 1406 1155 1484 inipso

93 1502 182 1565 vallo
204 1501 391 1564 conficiunt.
437 1502 584 1578 Quorum
606 1503 795 1582 corporibus
818 1524 892 1566 cum
914 1505 1047 1583 oppleta
1068 1500 1155 1567 fossa
1177 1523 1191 1566 2

93 1609 189 1678 esset,
212 1602 305 1664 velut
326 1621 441 1679 aggere
462 1609 520 1664 aut
542 1609 644 1680 ponte
666 1603 785 1664 iniecto
807 1604 983 1665 transitum
1006 1603 1155 1666 hostibus

93 1703 195 1765 dedit.
241 1701 293 1763 Ibi
312 1720 409 1780 super
420 1709 571 1780 ¹stragem
590 1703 768 1764 iacentium
787 1703 1037 1781 elephantorum
1056 1710 1154 1765 atrox

91 1803 182 1865 edita
206 1801 330 1864 caedes.
374 1801 487 1863 Altera
519 1802 553 1861 in
585 1807 678 1880 parte
712 1807 893 1863 castrorum
925 1803 991 1863 iam
1024 1803 1190 1881 impulsio

91 1908 187 1964 erant
204 1900 364 1978 Campani
381 1901 608 1980 Punicumque
624 1901 823 1980 praesidium
840 1908 873 1963 et
890 1902 951 1964 sub
969 1903 1039 1980 ipsa
1056 1908 1154 1981 porta

91 2002 236 2080 Capuae,
261 2019 346 2079 quae
368 2000 569 2062 Vulturnum
592 2000 666 2077 fert,
691 2001 918 2080 pugnabatur,
953 2021 1060 2081 neque
1084 2008 1154 2063 tam

91 2101 213 2163 armati
235 2100 493 2178 irrumpentibus
519 2101 678 2163 Romanis
701 2101 909 2176 resistebant,
935 2121 1036 2181 quam
1058 2108 1154 2180 porta
1175 2119 1190 2162 4

91 2200 232 2263 ballistis
247 2199 537 2279 scorpionibusque
553 2201 714 2262 instructa
731 2200 906 2262 missilibus
922 2201 1034 2279 procul
1052 2201 1154 2263 hostis

90 2300 237 2362 arcebat.
284 2300 328 2361 Et
363 2300 543 2378 suppressit
578 2301 740 2378 impetum
775 2301 1000 2362 Romanorum
1034 2300 1189 2363 vulnuso

91 2399 299 2479 imperatoris
316 2399 378 2477 Ap.
398 2399 523 2474 Claudi,
544 2401 594 2461 cui
613 2420 688 2462 suos
707 2406 784 2462 ante
803 2400 907 2478 prima
926 2393 1152 2478 signa'adhor-

91 2500 179 2562 tanti
202 2499 264 2561 sub
286 2497 380 2561 laevo
396 2519 510 2562 umero
527 2518 692 2561 summum
715 2506 830 2579 pectus
851 2520 946 2579 gaeso
968 2501 1071 2563 ictum
1093 2507 1150 2563 est.

90 2600 211 2677 Magna
233 2599 282 2661 vis
304 2606 414 2662 tamen
438 2599 580 2661 hostium
602 2607 679 2663 ante
700 2607 832 2678 portam
855 2606 904 2662 est
928 2620 1031 2676 caesa,
1056 2602 1152 2663 ceteri

91 2693 213 2773 trepidi
236 2694 270 2754 in
291 2694 406 2756 urbem
430 2695 596 2773 compulsi.
641 2695 687 2756 Et
710 2695 887 2770 Hannibal,
904 2702 1080 2774 postquam
1103 2708 1188 2757 coe

91 2794 197 2856 hortis
227 2794 450 2872 Hispanorum
480 2800 623 2872 stragem
649 2794 733 2856 vidit
759 2813 953 2873 summaque
983 2795 1016 2855 vi
1047 2801 1153 2857 castra

92 2893 239 2956 hostium
262 2892 403 2968 defendi,
428 2894 547 2956 omissa
571 2894 816 2972 oppugnatione
842 2895 982 2972 recipere
1005 2894 1096 2973 signa
1119 2901 1153 2957 et

93 2998 283 3055 convertere
301 3013 419 3071 agmen
438 2993 587 3072 peditum
607 2993 736 3055 obiecto
755 2993 797 3055 ab
817 2999 908 3072 tergo
927 2993 1092 3072 equitatu,
1112 3013 1153 3056 ne

93 3092 197 3155 hostis
211 3093 358 3167 instaret,
375 3093 491 3171 coepit.
538 3094 717 3170 Legionum
730 3092 828 3155 ardor
841 3093 954 3171 ingens
968 3093 1010 3154 ad
1025 3092 1153 3156 hostem
1173 3106 1187 3152 7

93 3192 332 3271 insequendum
353 3193 432 3268 fuit;
466 3193 602 3254 Flaccus
623 3193 768 3271 receptui
790 3193 862 3253 cani
883 3193 987 3268 iussit,
1009 3194 1090 3255 satis
1110 3193 1153 3255 ad

94 3299 273 3371 utrumque
296 3293 481 3370 proiectum
505 3299 605 3367 ratus,
630 3297 668 3353 ut
691 3298 724 3354 et
747 3291 916 3370 Campani,
941 3311 1041 3371 quam
1065 3292 1153 3354 haud

95 3392 237 3453 multum
263 3392 296 3452 in
323 3391 509 3453 Hannibale
534 3392 686 3470 praesidii
712 3397 807 3467 esset,
833 3397 866 3453 et
892 3391 960 3470 ipse
987 3391 1152 3453 Hannibal

96 3491 240 3553 sentiret.
286 3490 387 3553 Caesa
410 3511 449 3553 eo
474 3491 525 3553 die
550 3492 606 3569 qui
630 3490 726 3552 huius
750 3510 879 3569 pugnae
903 3496 1052 3552 auctores
1075 3498 1152 3553 sunt
1173 3499 1187 3542 8
