<?xml version="1.0" encoding="UTF-8"?>
<!DOCTYPE html PUBLIC "-//W3C//DTD XHTML 1.0 Transitional//EN"
    "http://www.w3.org/TR/xhtml1/DTD/xhtml1-transitional.dtd">
<html xmlns="http://www.w3.org/1999/xhtml" xml:lang="en" lang="en">
 <head>
  <title>
</title>
<meta http-equiv="Content-Type" content="text/html;charset=utf-8" />
  <meta name='ocr-system' content='tesseract 3.04.00' />
  <meta name='ocr-capabilities' content='ocr_page ocr_carea ocr_par ocr_line ocrx_word'/>
</head>
<body>
  <div class='ocr_page' id='page_1' title='image "./livysecondpunic00livygoog_0145.png"; bbox 0 0 2496 3908; ppageno 0'>
   <div class='ocr_carea' id='block_1_1' title="bbox 110 193 1192 318">
    <p class='ocr_par' dir='ltr' id='par_1_1' title="bbox 110 193 1192 318">
     <span class='ocr_line' id='line_1_1' title="bbox 110 193 1192 318; baseline 0.001 -13"><span class='ocrx_word' id='word_1_1' title='bbox 110 193 112 197; x_wconf 12' lang='lat' dir='ltr'>v</span> <span class='ocrx_word' id='word_1_2' title='bbox 139 242 202 307; x_wconf 89' lang='lat'>118</span> <span class='ocrx_word' id='word_1_3' title='bbox 619 255 708 304; x_wconf 79' lang='lat' dir='ltr'>mur</span> <span class='ocrx_word' id='word_1_4' title='bbox 967 254 1192 318; x_wconf 67' lang='lat' dir='ltr'>[ooonxxvn.</span> 
     </span>
    </p>
   </div>
   <div class='ocr_carea' id='block_1_2' title="bbox 87 431 1205 3600">
    <p class='ocr_par' dir='ltr' id='par_1_2' title="bbox 87 431 1205 3600">
     <span class='ocr_line' id='line_1_2' title="bbox 138 431 1193 510; baseline 0 -17"><span class='ocrx_word' id='word_1_5' title='bbox 138 451 236 510; x_wconf 91' lang='lat' dir='ltr'>supra</span> <span class='ocrx_word' id='word_1_6' title='bbox 257 431 323 494; x_wconf 93' lang='lat' dir='ltr'>duo</span> <span class='ocrx_word' id='word_1_7' title='bbox 344 432 433 494; x_wconf 92' lang='lat' dir='ltr'>milia</span> <span class='ocrx_word' id='word_1_8' title='bbox 454 432 637 494; x_wconf 92' lang='lat' dir='ltr'>Poenorum</span> <span class='ocrx_word' id='word_1_9' title='bbox 660 451 763 494; x_wconf 87' lang='lat' dir='ltr'>caesa.</span> <span class='ocrx_word' id='word_1_10' title='bbox 808 431 891 494; x_wconf 92' lang='lat' dir='ltr'>Inde</span> <span class='ocrx_word' id='word_1_11' title='bbox 911 432 1083 494; x_wconf 82' lang='lat' dir='ltr'>nocturnis</span> <span class='ocrx_word' id='word_1_12' title='bbox 1105 452 1193 494; x_wconf 91' lang='lat' dir='ltr'>mon-</span> 
     </span>
     <span class='ocr_line' id='line_1_3' title="bbox 138 531 1192 610; baseline 0.004 -19"><span class='ocrx_word' id='word_1_13' title='bbox 138 531 289 610; x_wconf 91' lang='lat' dir='ltr'>tanisque</span> <span class='ocrx_word' id='word_1_14' title='bbox 318 531 487 594; x_wconf 80' lang='lat' dir='ltr'>itineribus</span> <span class='ocrx_word' id='word_1_15' title='bbox 517 532 655 607; x_wconf 91' lang='lat' dir='ltr'>Poenus,</span> <span class='ocrx_word' id='word_1_16' title='bbox 682 551 723 593; x_wconf 89' lang='lat' dir='ltr'>ne</span> <span class='ocrx_word' id='word_1_17' title='bbox 752 531 860 592; x_wconf 93' lang='lat' dir='ltr'>locum</span> <span class='ocrx_word' id='word_1_18' title='bbox 890 531 1060 609; x_wconf 85' lang='lat' dir='ltr'>pugnandi</span> <span class='ocrx_word' id='word_1_19' title='bbox 1091 532 1192 609; x_wconf 91' lang='lat' dir='ltr'>daret,</span> 
     </span>
     <span class='ocr_line' id='line_1_4' title="bbox 89 631 1193 710; baseline 0.007 -24"><span class='ocrx_word' id='word_1_20' title='bbox 89 641 117 686; x_wconf 83' lang='lat'>16</span> <span class='ocrx_word' id='word_1_21' title='bbox 138 631 368 709; x_wconf 74' lang='lat' dir='ltr'>Metapontum</span> <span class='ocrx_word' id='word_1_22' title='bbox 401 631 507 709; x_wconf 91' lang='lat' dir='ltr'>petiit.</span> <span class='ocrx_word' id='word_1_23' title='bbox 553 631 673 692; x_wconf 88' lang='lat' dir='ltr'>Hanno</span> <span class='ocrx_word' id='word_1_24' title='bbox 709 631 783 692; x_wconf 93' lang='lat' dir='ltr'>inde</span> <span class='ocrx_word' id='word_1_25' title='bbox 796 631 877 692; x_wconf 93' lang='lat' dir='ltr'>-is</span> <span class='ocrx_word' id='word_1_26' title='bbox 911 631 998 693; x_wconf 94' lang='lat' dir='ltr'>enim</span> <span class='ocrx_word' id='word_1_27' title='bbox 1032 633 1193 710; x_wconf 89' lang='lat' dir='ltr'>praesidio</span> 
     </span>
     <span class='ocr_line' id='line_1_5' title="bbox 138 730 1193 809; baseline 0.003 -18"><span class='ocrx_word' id='word_1_28' title='bbox 138 730 205 792; x_wconf 89' lang='lat' dir='ltr'>eius</span> <span class='ocrx_word' id='word_1_29' title='bbox 230 730 290 792; x_wconf 92' lang='lat' dir='ltr'>loci</span> <span class='ocrx_word' id='word_1_30' title='bbox 316 730 602 808; x_wconf 87' lang='lat' dir='ltr'>praefuerat-in</span> <span class='ocrx_word' id='word_1_31' title='bbox 627 730 776 792; x_wconf 92' lang='lat' dir='ltr'>Bruttios</span> <span class='ocrx_word' id='word_1_32' title='bbox 801 750 875 792; x_wconf 93' lang='lat' dir='ltr'>cum</span> <span class='ocrx_word' id='word_1_33' title='bbox 900 731 1013 809; x_wconf 86' lang='lat' dir='ltr'>paucis</span> <span class='ocrx_word' id='word_1_34' title='bbox 1038 732 1082 793; x_wconf 91' lang='lat' dir='ltr'>ad</span> <span class='ocrx_word' id='word_1_35' title='bbox 1107 752 1193 794; x_wconf 86' lang='lat' dir='ltr'>exer-</span> 
     </span>
     <span class='ocr_line' id='line_1_6' title="bbox 139 829 1193 911; baseline 0.004 -20"><span class='ocrx_word' id='word_1_36' title='bbox 139 830 240 892; x_wconf 92' lang='lat' dir='ltr'>citum</span> <span class='ocrx_word' id='word_1_37' title='bbox 272 850 395 892; x_wconf 93' lang='lat' dir='ltr'>novum</span> <span class='ocrx_word' id='word_1_38' title='bbox 428 829 685 908; x_wconf 88' lang='lat' dir='ltr'>comparandum</span> <span class='ocrx_word' id='word_1_39' title='bbox 716 831 834 892; x_wconf 93' lang='lat' dir='ltr'>missus</span> <span class='ocrx_word' id='word_1_40' title='bbox 841 851 849 907; x_wconf 90' lang='lat'>;</span> <span class='ocrx_word' id='word_1_41' title='bbox 894 831 1062 893; x_wconf 84' lang='lat' dir='ltr'>Hannibal</span> <span class='ocrx_word' id='word_1_42' title='bbox 1097 833 1193 911; x_wconf 87' lang='lat' dir='ltr'>copiis</span> 
     </span>
     <span class='ocr_line' id='line_1_7' title="bbox 138 929 1193 1009; baseline 0.003 -19"><span class='ocrx_word' id='word_1_43' title='bbox 138 930 205 991; x_wconf 89' lang='lat' dir='ltr'>eius</span> <span class='ocrx_word' id='word_1_44' title='bbox 238 930 280 991; x_wconf 95' lang='lat' dir='ltr'>ad</span> <span class='ocrx_word' id='word_1_45' title='bbox 313 929 388 992; x_wconf 87' lang='lat' dir='ltr'>suas</span> <span class='ocrx_word' id='word_1_46' title='bbox 421 929 543 991; x_wconf 92' lang='lat' dir='ltr'>additis</span> <span class='ocrx_word' id='word_1_47' title='bbox 575 930 753 991; x_wconf 85' lang='lat' dir='ltr'>Venusiam</span> <span class='ocrx_word' id='word_1_48' title='bbox 786 936 872 992; x_wconf 90' lang='lat' dir='ltr'>retro</span> <span class='ocrx_word' id='word_1_49' title='bbox 906 930 1025 1009; x_wconf 91' lang='lat' dir='ltr'>quibus</span> <span class='ocrx_word' id='word_1_50' title='bbox 1059 937 1193 994; x_wconf 89' lang='lat' dir='ltr'>venerat</span> 
     </span>
     <span class='ocr_line' id='line_1_8' title="bbox 138 1028 1194 1108; baseline 0.003 -19"><span class='ocrx_word' id='word_1_51' title='bbox 138 1029 307 1091; x_wconf 86' lang='lat' dir='ltr'>itineribus</span> <span class='ocrx_word' id='word_1_52' title='bbox 327 1030 456 1107; x_wconf 88' lang='lat' dir='ltr'>repetit,</span> <span class='ocrx_word' id='word_1_53' title='bbox 477 1035 577 1108; x_wconf 89' lang='lat' dir='ltr'>atque</span> <span class='ocrx_word' id='word_1_54' title='bbox 597 1029 672 1090; x_wconf 93' lang='lat' dir='ltr'>inde</span> <span class='ocrx_word' id='word_1_55' title='bbox 691 1028 869 1091; x_wconf 85' lang='lat' dir='ltr'>Canusium</span> <span class='ocrx_word' id='word_1_56' title='bbox 888 1029 1046 1107; x_wconf 81' lang='lat' dir='ltr'>procedit.</span> <span class='ocrx_word' id='word_1_57' title='bbox 1093 1031 1194 1092; x_wconf 94' lang='lat' dir='ltr'>Num-</span> 
     </span>
     <span class='ocr_line' id='line_1_9' title="bbox 88 1128 1194 1207; baseline 0.002 -17"><span class='ocrx_word' id='word_1_58' title='bbox 88 1146 116 1192; x_wconf 75' lang='lat'>17</span> <span class='ocrx_word' id='word_1_59' title='bbox 138 1148 238 1207; x_wconf 91' lang='lat' dir='ltr'>quam</span> <span class='ocrx_word' id='word_1_60' title='bbox 257 1129 342 1190; x_wconf 93' lang='lat' dir='ltr'>Nero</span> <span class='ocrx_word' id='word_1_61' title='bbox 362 1129 506 1206; x_wconf 83' lang='lat' dir='ltr'>vestigiis</span> <span class='ocrx_word' id='word_1_62' title='bbox 524 1129 628 1190; x_wconf 92' lang='lat' dir='ltr'>hostis</span> <span class='ocrx_word' id='word_1_63' title='bbox 643 1129 818 1190; x_wconf 89' lang='lat' dir='ltr'>abstiterat</span> <span class='ocrx_word' id='word_1_64' title='bbox 833 1135 866 1190; x_wconf 94' lang='lat' dir='ltr'>et</span> <span class='ocrx_word' id='word_1_65' title='bbox 882 1128 920 1204; x_wconf 79' lang='lat' dir='ltr'>Q.</span> <span class='ocrx_word' id='word_1_66' title='bbox 938 1129 1104 1205; x_wconf 88' lang='lat' dir='ltr'>Fulvium,</span> <span class='ocrx_word' id='word_1_67' title='bbox 1122 1150 1194 1192; x_wconf 91' lang='lat' dir='ltr'>cum</span> 
     </span>
     <span class='ocr_line' id='line_1_10' title="bbox 138 1228 1194 1308; baseline 0.002 -20"><span class='ocrx_word' id='word_1_68' title='bbox 138 1229 367 1307; x_wconf 86' lang='lat' dir='ltr'>Metapontum</span> <span class='ocrx_word' id='word_1_69' title='bbox 387 1228 454 1306; x_wconf 89' lang='lat' dir='ltr'>ipse</span> <span class='ocrx_word' id='word_1_70' title='bbox 472 1229 738 1306; x_wconf 88' lang='lat' dir='ltr'>proficisceretur,</span> <span class='ocrx_word' id='word_1_71' title='bbox 759 1228 792 1288; x_wconf 93' lang='lat' dir='ltr'>in</span> <span class='ocrx_word' id='word_1_72' title='bbox 812 1229 971 1304; x_wconf 90' lang='lat' dir='ltr'>Lucanos,</span> <span class='ocrx_word' id='word_1_73' title='bbox 991 1247 1032 1290; x_wconf 90' lang='lat' dir='ltr'>ne</span> <span class='ocrx_word' id='word_1_74' title='bbox 1051 1230 1139 1308; x_wconf 85' lang='lat' dir='ltr'>regio</span> <span class='ocrx_word' id='word_1_75' title='bbox 1157 1250 1194 1292; x_wconf 89' lang='lat' dir='ltr'>ea</span> 
     </span>
     <span class='ocr_line' id='line_1_11' title="bbox 139 1328 1155 1406; baseline 0 -16"><span class='ocrx_word' id='word_1_76' title='bbox 139 1329 206 1390; x_wconf 89' lang='lat' dir='ltr'>sine</span> <span class='ocrx_word' id='word_1_77' title='bbox 224 1328 385 1406; x_wconf 92' lang='lat' dir='ltr'>praesidio</span> <span class='ocrx_word' id='word_1_78' title='bbox 405 1334 499 1402; x_wconf 88' lang='lat' dir='ltr'>esset,</span> <span class='ocrx_word' id='word_1_79' title='bbox 519 1328 717 1390; x_wconf 84' lang='lat' dir='ltr'>arcessierat.</span> <span class='ocrx_word' id='word_1_80' title='bbox 1151 1346 1155 1356; x_wconf 83' lang='lat'><strong>·</strong></span> 
     </span>
     <span class='ocr_line' id='line_1_12' title="bbox 87 1427 1194 1507; baseline 0.005 -21"><span class='ocrx_word' id='word_1_81' title='bbox 87 1439 130 1487; x_wconf 83' lang='lat'>43</span> <span class='ocrx_word' id='word_1_82' title='bbox 182 1429 273 1489; x_wconf 92' lang='lat' dir='ltr'>Inter</span> <span class='ocrx_word' id='word_1_83' title='bbox 306 1428 385 1489; x_wconf 89' lang='lat' dir='ltr'>haec</span> <span class='ocrx_word' id='word_1_84' title='bbox 420 1427 462 1489; x_wconf 92' lang='lat' dir='ltr'>ab</span> <span class='ocrx_word' id='word_1_85' title='bbox 497 1427 713 1503; x_wconf 85' lang='lat' dir='ltr'>Hasdrubale,</span> <span class='ocrx_word' id='word_1_86' title='bbox 744 1434 923 1507; x_wconf 88' lang='lat' dir='ltr'>postquam</span> <span class='ocrx_word' id='word_1_87' title='bbox 953 1449 973 1490; x_wconf 91' lang='lat' dir='ltr'>a</span> <span class='ocrx_word' id='word_1_88' title='bbox 1006 1429 1194 1493; x_wconf 89' lang='lat' dir='ltr'>Placentiae</span> 
     </span>
     <span class='ocr_line' id='line_1_13' title="bbox 139 1527 1194 1607; baseline 0.003 -19"><span class='ocrx_word' id='word_1_89' title='bbox 139 1528 306 1589; x_wconf 89' lang='lat' dir='ltr'>obsidione</span> <span class='ocrx_word' id='word_1_90' title='bbox 324 1528 490 1603; x_wconf 86' lang='lat' dir='ltr'>abscessit,</span> <span class='ocrx_word' id='word_1_91' title='bbox 511 1533 669 1605; x_wconf 92' lang='lat' dir='ltr'>quattuor</span> <span class='ocrx_word' id='word_1_92' title='bbox 687 1527 772 1589; x_wconf 87' lang='lat' dir='ltr'>Galli</span> <span class='ocrx_word' id='word_1_93' title='bbox 790 1528 926 1607; x_wconf 71' lang='lat' dir='ltr'>equites</span> <span class='ocrx_word' id='word_1_94' title='bbox 947 1528 1013 1590; x_wconf 92' lang='lat' dir='ltr'>duo</span> <span class='ocrx_word' id='word_1_95' title='bbox 1031 1529 1194 1592; x_wconf 93' lang='lat' dir='ltr'>Numidae</span> 
     </span>
     <span class='ocr_line' id='line_1_14' title="bbox 139 1626 1194 1705; baseline 0.003 -17"><span class='ocrx_word' id='word_1_96' title='bbox 139 1647 212 1688; x_wconf 91' lang='lat' dir='ltr'>cum</span> <span class='ocrx_word' id='word_1_97' title='bbox 230 1628 346 1688; x_wconf 92' lang='lat' dir='ltr'>litteris</span> <span class='ocrx_word' id='word_1_98' title='bbox 365 1627 454 1688; x_wconf 91' lang='lat' dir='ltr'>missi</span> <span class='ocrx_word' id='word_1_99' title='bbox 472 1626 514 1688; x_wconf 93' lang='lat' dir='ltr'>ad</span> <span class='ocrx_word' id='word_1_100' title='bbox 534 1626 754 1688; x_wconf 91' lang='lat' dir='ltr'>Hannibalem</span> <span class='ocrx_word' id='word_1_101' title='bbox 773 1647 847 1688; x_wconf 89' lang='lat' dir='ltr'>curn</span> <span class='ocrx_word' id='word_1_102' title='bbox 865 1647 923 1705; x_wconf 93' lang='lat' dir='ltr'>per</span> <span class='ocrx_word' id='word_1_103' title='bbox 941 1627 1067 1689; x_wconf 92' lang='lat' dir='ltr'>medios</span> <span class='ocrx_word' id='word_1_104' title='bbox 1085 1628 1194 1691; x_wconf 91' lang='lat' dir='ltr'>hostes</span> 
     </span>
     <span class='ocr_line' id='line_1_15' title="bbox 138 1726 1195 1804; baseline -0.001 -15"><span class='ocrx_word' id='word_1_105' title='bbox 138 1733 243 1789; x_wconf 89' lang='lat' dir='ltr'>totam</span> <span class='ocrx_word' id='word_1_106' title='bbox 273 1727 373 1789; x_wconf 89' lang='lat' dir='ltr'>ferme</span> <span class='ocrx_word' id='word_1_107' title='bbox 401 1726 639 1804; x_wconf 85' lang='lat' dir='ltr'>longitudinem</span> <span class='ocrx_word' id='word_1_108' title='bbox 668 1726 785 1788; x_wconf 88' lang='lat' dir='ltr'>Italiae</span> <span class='ocrx_word' id='word_1_109' title='bbox 814 1727 936 1788; x_wconf 91' lang='lat' dir='ltr'>emensi</span> <span class='ocrx_word' id='word_1_110' title='bbox 965 1734 1085 1803; x_wconf 87' lang='lat' dir='ltr'>essent,</span> <span class='ocrx_word' id='word_1_111' title='bbox 1117 1728 1195 1790; x_wconf 93' lang='lat' dir='ltr'>dum</span> 
     </span>
     <span class='ocr_line' id='line_1_16' title="bbox 102 1825 1195 1905; baseline 0.003 -19"><span class='ocrx_word' id='word_1_112' title='bbox 102 1828 366 1904; x_wconf 84' lang='lat' dir='ltr'>alletapontum</span> <span class='ocrx_word' id='word_1_113' title='bbox 396 1825 564 1887; x_wconf 89' lang='lat' dir='ltr'>cedentem</span> <span class='ocrx_word' id='word_1_114' title='bbox 593 1825 814 1887; x_wconf 91' lang='lat' dir='ltr'>Hannibalem</span> <span class='ocrx_word' id='word_1_115' title='bbox 841 1833 1034 1905; x_wconf 88' lang='lat' dir='ltr'>sequuntur,</span> <span class='ocrx_word' id='word_1_116' title='bbox 1064 1827 1195 1890; x_wconf 91' lang='lat' dir='ltr'>incertis</span> 
     </span>
     <span class='ocr_line' id='line_1_17' title="bbox 138 1925 1195 2004; baseline 0.002 -17"><span class='ocrx_word' id='word_1_117' title='bbox 138 1926 306 1988; x_wconf 87' lang='lat' dir='ltr'>itineribus</span> <span class='ocrx_word' id='word_1_118' title='bbox 320 1927 499 1987; x_wconf 87' lang='lat' dir='ltr'>Tarentum</span> <span class='ocrx_word' id='word_1_119' title='bbox 513 1925 613 1987; x_wconf 88' lang='lat' dir='ltr'>delati</span> <span class='ocrx_word' id='word_1_120' title='bbox 627 1946 646 1986; x_wconf 90' lang='lat' dir='ltr'>a</span> <span class='ocrx_word' id='word_1_121' title='bbox 660 1925 751 2004; x_wconf 85' lang='lat' dir='ltr'>vagis</span> <span class='ocrx_word' id='word_1_122' title='bbox 765 1945 823 2003; x_wconf 91' lang='lat' dir='ltr'>per</span> <span class='ocrx_word' id='word_1_123' title='bbox 835 1945 929 2003; x_wconf 84' lang='lat' dir='ltr'>agros</span> <span class='ocrx_word' id='word_1_124' title='bbox 942 1926 1195 2003; x_wconf 90' lang='lat' dir='ltr'>pabulatoribus</span> 
     </span>
     <span class='ocr_line' id='line_1_18' title="bbox 137 2025 1193 2103; baseline -0.001 -15"><span class='ocrx_word' id='word_1_125' title='bbox 137 2027 294 2088; x_wconf 87' lang='lat' dir='ltr'>Romanis</span> <span class='ocrx_word' id='word_1_126' title='bbox 333 2026 375 2087; x_wconf 93' lang='lat' dir='ltr'>ad</span> <span class='ocrx_word' id='word_1_127' title='bbox 405 2025 443 2100; x_wconf 78' lang='lat' dir='ltr'>Q.</span> <span class='ocrx_word' id='word_1_128' title='bbox 480 2025 652 2087; x_wconf 83' lang='lat' dir='ltr'>Claudiurn</span> <span class='ocrx_word' id='word_1_129' title='bbox 690 2031 936 2103; x_wconf 89' lang='lat' dir='ltr'>propraetorem</span> <span class='ocrx_word' id='word_1_130' title='bbox 974 2025 1193 2090; x_wconf 89' lang='lat' dir='ltr'>deducuntur.</span> 
     </span>
     <span class='ocr_line' id='line_1_19' title="bbox 102 2125 1196 2204; baseline 0.001 -18"><span class='ocrx_word' id='word_1_131' title='bbox 102 2143 117 2186; x_wconf 89' lang='lat'><strong>3</strong></span> <span class='ocrx_word' id='word_1_132' title='bbox 138 2127 223 2187; x_wconf 86' lang='lat' dir='ltr'>Eum</span> <span class='ocrx_word' id='word_1_133' title='bbox 245 2126 350 2204; x_wconf 89' lang='lat' dir='ltr'>primo</span> <span class='ocrx_word' id='word_1_134' title='bbox 373 2125 502 2186; x_wconf 90' lang='lat' dir='ltr'>incertis</span> <span class='ocrx_word' id='word_1_135' title='bbox 525 2125 729 2203; x_wconf 90' lang='lat' dir='ltr'>implicantes</span> <span class='ocrx_word' id='word_1_136' title='bbox 752 2125 923 2202; x_wconf 84' lang='lat' dir='ltr'>responsis,</span> <span class='ocrx_word' id='word_1_137' title='bbox 939 2130 977 2186; x_wconf 91' lang='lat' dir='ltr'>ut</span> <span class='ocrx_word' id='word_1_138' title='bbox 999 2133 1109 2188; x_wconf 92' lang='lat' dir='ltr'>metus</span> <span class='ocrx_word' id='word_1_139' title='bbox 1132 2133 1196 2189; x_wconf 90' lang='lat' dir='ltr'>tor-</span> 
     </span>
     <span class='ocr_line' id='line_1_20' title="bbox 138 2224 1196 2302; baseline 0.002 -15"><span class='ocrx_word' id='word_1_140' title='bbox 138 2232 322 2287; x_wconf 91' lang='lat' dir='ltr'>mentorum</span> <span class='ocrx_word' id='word_1_141' title='bbox 339 2225 493 2286; x_wconf 90' lang='lat' dir='ltr'>admotus</span> <span class='ocrx_word' id='word_1_142' title='bbox 509 2225 605 2286; x_wconf 89' lang='lat' dir='ltr'>fateri</span> <span class='ocrx_word' id='word_1_143' title='bbox 622 2244 699 2285; x_wconf 90' lang='lat' dir='ltr'>vera</span> <span class='ocrx_word' id='word_1_144' title='bbox 716 2225 830 2302; x_wconf 85' lang='lat' dir='ltr'>coegit,</span> <span class='ocrx_word' id='word_1_145' title='bbox 848 2224 1050 2287; x_wconf 88' lang='lat' dir='ltr'>edocuerunt</span> <span class='ocrx_word' id='word_1_146' title='bbox 1067 2225 1196 2289; x_wconf 90' lang='lat' dir='ltr'>litteras</span> 
     </span>
     <span class='ocr_line' id='line_1_21' title="bbox 101 2324 1196 2388; baseline 0.006 -7"><span class='ocrx_word' id='word_1_147' title='bbox 101 2337 116 2381; x_wconf 85' lang='lat'>4</span> <span class='ocrx_word' id='word_1_148' title='bbox 137 2346 170 2388; x_wconf 88' lang='lat' dir='ltr'>se</span> <span class='ocrx_word' id='word_1_149' title='bbox 190 2326 231 2387; x_wconf 91' lang='lat' dir='ltr'>ab</span> <span class='ocrx_word' id='word_1_150' title='bbox 252 2325 458 2387; x_wconf 91' lang='lat' dir='ltr'>Hasdrubale</span> <span class='ocrx_word' id='word_1_151' title='bbox 478 2324 520 2386; x_wconf 93' lang='lat' dir='ltr'>ad</span> <span class='ocrx_word' id='word_1_152' title='bbox 541 2324 761 2386; x_wconf 90' lang='lat' dir='ltr'>Hannibalem</span> <span class='ocrx_word' id='word_1_153' title='bbox 780 2324 872 2385; x_wconf 88' lang='lat' dir='ltr'>ferre.</span> <span class='ocrx_word' id='word_1_154' title='bbox 917 2324 999 2386; x_wconf 86' lang='lat' dir='ltr'>Cum</span> <span class='ocrx_word' id='word_1_155' title='bbox 1019 2325 1058 2386; x_wconf 92' lang='lat' dir='ltr'>iis</span> <span class='ocrx_word' id='word_1_156' title='bbox 1077 2325 1196 2388; x_wconf 91' lang='lat' dir='ltr'>litteris</span> 
     </span>
     <span class='ocr_line' id='line_1_22' title="bbox 137 2424 1196 2503; baseline 0 -16"><span class='ocrx_word' id='word_1_157' title='bbox 137 2427 220 2487; x_wconf 92' lang='lat' dir='ltr'>sicut</span> <span class='ocrx_word' id='word_1_158' title='bbox 240 2432 333 2487; x_wconf 89' lang='lat' dir='ltr'>erant</span> <span class='ocrx_word' id='word_1_159' title='bbox 353 2425 488 2503; x_wconf 87' lang='lat' dir='ltr'>signatis</span> <span class='ocrx_word' id='word_1_160' title='bbox 509 2425 544 2484; x_wconf 93' lang='lat' dir='ltr'>L.</span> <span class='ocrx_word' id='word_1_161' title='bbox 566 2424 717 2502; x_wconf 87' lang='lat' dir='ltr'>Verginio</span> <span class='ocrx_word' id='word_1_162' title='bbox 737 2424 870 2485; x_wconf 92' lang='lat' dir='ltr'>tribuno</span> <span class='ocrx_word' id='word_1_163' title='bbox 891 2424 1033 2485; x_wconf 93' lang='lat' dir='ltr'>militum</span> <span class='ocrx_word' id='word_1_164' title='bbox 1054 2424 1196 2488; x_wconf 91' lang='lat' dir='ltr'>ducendi</span> 
     </span>
     <span class='ocr_line' id='line_1_23' title="bbox 101 2523 1196 2588; baseline 0.002 -2"><span class='ocrx_word' id='word_1_165' title='bbox 101 2536 115 2580; x_wconf 76' lang='grc' dir='ltr'><strong>ὅ</strong></span> <span class='ocrx_word' id='word_1_166' title='bbox 137 2526 179 2587; x_wconf 91' lang='lat' dir='ltr'>ad</span> <span class='ocrx_word' id='word_1_167' title='bbox 204 2525 375 2588; x_wconf 87' lang='lat' dir='ltr'>Claudium</span> <span class='ocrx_word' id='word_1_168' title='bbox 402 2524 566 2586; x_wconf 91' lang='lat' dir='ltr'>consulem</span> <span class='ocrx_word' id='word_1_169' title='bbox 581 2524 779 2585; x_wconf 90' lang='lat' dir='ltr'>traduntur.</span> <span class='ocrx_word' id='word_1_170' title='bbox 826 2524 918 2585; x_wconf 91' lang='lat' dir='ltr'>Duae</span> <span class='ocrx_word' id='word_1_171' title='bbox 943 2523 1039 2585; x_wconf 90' lang='lat' dir='ltr'>simul</span> <span class='ocrx_word' id='word_1_172' title='bbox 1066 2531 1196 2588; x_wconf 89' lang='lat' dir='ltr'>turmae</span> 
     </span>
     <span class='ocr_line' id='line_1_24' title="bbox 137 2623 1205 2703; baseline -0.001 -15"><span class='ocrx_word' id='word_1_173' title='bbox 137 2625 329 2688; x_wconf 82' lang='lat' dir='ltr'>Samnitium</span> <span class='ocrx_word' id='word_1_174' title='bbox 352 2624 500 2703; x_wconf 89' lang='lat' dir='ltr'>praesidii</span> <span class='ocrx_word' id='word_1_175' title='bbox 523 2643 619 2686; x_wconf 88' lang='lat' dir='ltr'>causa</span> <span class='ocrx_word' id='word_1_176' title='bbox 637 2624 762 2686; x_wconf 90' lang='lat' dir='ltr'>missae.</span> <span class='ocrx_word' id='word_1_177' title='bbox 807 2624 870 2700; x_wconf 80' lang='lat' dir='ltr'>Qui</span> <span class='ocrx_word' id='word_1_178' title='bbox 892 2623 947 2685; x_wconf 94' lang='lat' dir='ltr'>ubi</span> <span class='ocrx_word' id='word_1_179' title='bbox 969 2623 1009 2685; x_wconf 91' lang='lat' dir='ltr'>ad</span> <span class='ocrx_word' id='word_1_180' title='bbox 1031 2626 1205 2687; x_wconf 89' lang='lat' dir='ltr'>consulem·</span> 
     </span>
     <span class='ocr_line' id='line_1_25' title="bbox 137 2723 1196 2804; baseline 0.001 -18"><span class='ocrx_word' id='word_1_181' title='bbox 137 2731 364 2804; x_wconf 85' lang='lat' dir='ltr'>pervenerunt,</span> <span class='ocrx_word' id='word_1_182' title='bbox 388 2725 582 2802; x_wconf 88' lang='lat' dir='ltr'>litteraeque</span> <span class='ocrx_word' id='word_1_183' title='bbox 605 2723 708 2786; x_wconf 89' lang='lat' dir='ltr'>lectae</span> <span class='ocrx_word' id='word_1_184' title='bbox 732 2744 789 2802; x_wconf 89' lang='lat' dir='ltr'>per</span> <span class='ocrx_word' id='word_1_185' title='bbox 811 2724 1023 2801; x_wconf 90' lang='lat' dir='ltr'>interpretem</span> <span class='ocrx_word' id='word_1_186' title='bbox 1049 2732 1138 2801; x_wconf 91' lang='lat' dir='ltr'>sunt,</span> <span class='ocrx_word' id='word_1_187' title='bbox 1162 2731 1196 2787; x_wconf 91' lang='lat' dir='ltr'>et</span> 
     </span>
     <span class='ocr_line' id='line_1_26' title="bbox 100 2823 1196 2903; baseline 0.005 -22"><span class='ocrx_word' id='word_1_188' title='bbox 100 2837 177 2886; x_wconf 81' lang='lat' dir='ltr'>cex</span> <span class='ocrx_word' id='word_1_189' title='bbox 210 2825 347 2903; x_wconf 89' lang='lat' dir='ltr'>captivis</span> <span class='ocrx_word' id='word_1_190' title='bbox 380 2824 605 2903; x_wconf 89' lang='lat' dir='ltr'>percunctatio</span> <span class='ocrx_word' id='word_1_191' title='bbox 637 2823 737 2899; x_wconf 85' lang='lat' dir='ltr'>facta,</span> <span class='ocrx_word' id='word_1_192' title='bbox 771 2830 844 2885; x_wconf 92' lang='lat' dir='ltr'>tum</span> <span class='ocrx_word' id='word_1_193' title='bbox 875 2823 1030 2885; x_wconf 89' lang='lat' dir='ltr'>Claudius</span> <span class='ocrx_word' id='word_1_194' title='bbox 1062 2844 1130 2886; x_wconf 92' lang='lat' dir='ltr'>non</span> <span class='ocrx_word' id='word_1_195' title='bbox 1162 2823 1196 2886; x_wconf 94' lang='lat' dir='ltr'>id</span> 
     </span>
     <span class='ocr_line' id='line_1_27' title="bbox 137 2923 1196 3003; baseline 0.001 -17"><span class='ocrx_word' id='word_1_196' title='bbox 137 2932 266 3003; x_wconf 91' lang='lat' dir='ltr'>tempus</span> <span class='ocrx_word' id='word_1_197' title='bbox 293 2944 360 2986; x_wconf 88' lang='lat' dir='ltr'>esse</span> <span class='ocrx_word' id='word_1_198' title='bbox 388 2925 432 2985; x_wconf 91' lang='lat' dir='ltr'>rei</span> <span class='ocrx_word' id='word_1_199' title='bbox 459 2923 608 3001; x_wconf 88' lang='lat' dir='ltr'>publicae</span> <span class='ocrx_word' id='word_1_200' title='bbox 635 2930 736 2998; x_wconf 85' lang='lat' dir='ltr'>ratus,</span> <span class='ocrx_word' id='word_1_201' title='bbox 764 2943 829 3002; x_wconf 92' lang='lat' dir='ltr'>quo</span> <span class='ocrx_word' id='word_1_202' title='bbox 857 2923 997 2984; x_wconf 90' lang='lat' dir='ltr'>consiliis</span> <span class='ocrx_word' id='word_1_203' title='bbox 1024 2924 1196 2987; x_wconf 89' lang='lat' dir='ltr'>ordinariis</span> 
     </span>
     <span class='ocr_line' id='line_1_28' title="bbox 136 3023 1196 3103; baseline 0.002 -19"><span class='ocrx_word' id='word_1_204' title='bbox 136 3024 322 3103; x_wconf 87' lang='lat' dir='ltr'>provinciae</span> <span class='ocrx_word' id='word_1_205' title='bbox 347 3044 424 3085; x_wconf 91' lang='lat' dir='ltr'>suae</span> <span class='ocrx_word' id='word_1_206' title='bbox 449 3024 586 3102; x_wconf 89' lang='lat' dir='ltr'>quisque</span> <span class='ocrx_word' id='word_1_207' title='bbox 611 3023 730 3084; x_wconf 88' lang='lat' dir='ltr'>finibus</span> <span class='ocrx_word' id='word_1_208' title='bbox 754 3042 811 3100; x_wconf 93' lang='lat' dir='ltr'>per</span> <span class='ocrx_word' id='word_1_209' title='bbox 834 3023 995 3084; x_wconf 85' lang='lat' dir='ltr'>exercitus</span> <span class='ocrx_word' id='word_1_210' title='bbox 1019 3042 1095 3086; x_wconf 92' lang='lat' dir='ltr'>suos</span> <span class='ocrx_word' id='word_1_211' title='bbox 1121 3044 1196 3086; x_wconf 92' lang='lat' dir='ltr'>curn</span> 
     </span>
     <span class='ocr_line' id='line_1_29' title="bbox 101 3122 1195 3199; baseline 0.004 -18"><span class='ocrx_word' id='word_1_212' title='bbox 101 3135 115 3181; x_wconf 76' lang='lat'>7</span> <span class='ocrx_word' id='word_1_213' title='bbox 137 3125 229 3186; x_wconf 91' lang='lat' dir='ltr'>hoste</span> <span class='ocrx_word' id='word_1_214' title='bbox 250 3124 415 3185; x_wconf 89' lang='lat' dir='ltr'>destinato</span> <span class='ocrx_word' id='word_1_215' title='bbox 436 3123 478 3184; x_wconf 93' lang='lat' dir='ltr'>ab</span> <span class='ocrx_word' id='word_1_216' title='bbox 499 3129 615 3185; x_wconf 90' lang='lat' dir='ltr'>senatu</span> <span class='ocrx_word' id='word_1_217' title='bbox 635 3122 756 3185; x_wconf 91' lang='lat' dir='ltr'>bellum</span> <span class='ocrx_word' id='word_1_218' title='bbox 776 3129 899 3199; x_wconf 85' lang='lat' dir='ltr'>gereret</span> <span class='ocrx_word' id='word_1_219' title='bbox 907 3143 915 3198; x_wconf 87' lang='lat'>;</span> <span class='ocrx_word' id='word_1_220' title='bbox 948 3123 1138 3185; x_wconf 92' lang='lat' dir='ltr'>audendum</span> <span class='ocrx_word' id='word_1_221' title='bbox 1157 3145 1195 3185; x_wconf 90' lang='lat' dir='ltr'>ac</span> 
     </span>
     <span class='ocr_line' id='line_1_30' title="bbox 136 3221 1196 3302; baseline 0.001 -18"><span class='ocrx_word' id='word_1_222' title='bbox 136 3224 327 3285; x_wconf 88' lang='lat' dir='ltr'>novandum</span> <span class='ocrx_word' id='word_1_223' title='bbox 341 3223 465 3302; x_wconf 91' lang='lat' dir='ltr'>aliquid</span> <span class='ocrx_word' id='word_1_224' title='bbox 478 3222 702 3301; x_wconf 85' lang='lat' dir='ltr'>improvisum,</span> <span class='ocrx_word' id='word_1_225' title='bbox 713 3221 930 3299; x_wconf 91' lang='lat' dir='ltr'>inopinatum,</span> <span class='ocrx_word' id='word_1_226' title='bbox 939 3223 1027 3301; x_wconf 92' lang='lat' dir='ltr'>quod</span> <span class='ocrx_word' id='word_1_227' title='bbox 1042 3230 1196 3302; x_wconf 91' lang='lat' dir='ltr'>coeptum</span> 
     </span>
     <span class='ocr_line' id='line_1_31' title="bbox 137 3308 1194 3401; baseline 0.001 -16"><span class='ocrx_word' id='word_1_228' title='bbox 137 3345 202 3386; x_wconf 92' lang='lat' dir='ltr'>non</span> <span class='ocrx_word' id='word_1_229' title='bbox 224 3324 383 3385; x_wconf 91' lang='lat' dir='ltr'>minorem</span> <span class='ocrx_word' id='word_1_230' title='bbox 407 3323 495 3401; x_wconf 93' lang='lat' dir='ltr'>apud</span> <span class='ocrx_word' id='word_1_231' title='bbox 519 3323 605 3383; x_wconf 82' lang='lat' dir='ltr'>ciues</span> <span class='ocrx_word' id='word_1_232' title='bbox 627 3341 728 3400; x_wconf 91' lang='lat' dir='ltr'>quam</span> <span class='ocrx_word' id='word_1_233' title='bbox 750 3308 860 3383; x_wconf 84' lang='lat' dir='ltr'>hostes</span> <span class='ocrx_word' id='word_1_234' title='bbox 883 3328 1039 3383; x_wconf 89' lang='lat' dir='ltr'>terrorem</span> <span class='ocrx_word' id='word_1_235' title='bbox 1061 3323 1194 3399; x_wconf 87' lang='lat' dir='ltr'>faceret,</span> 
     </span>
     <span class='ocr_line' id='line_1_32' title="bbox 136 3421 1196 3504; baseline -0.003 -18"><span class='ocrx_word' id='word_1_236' title='bbox 136 3430 362 3504; x_wconf 88' lang='lat' dir='ltr'>perpetratum</span> <span class='ocrx_word' id='word_1_237' title='bbox 387 3423 419 3483; x_wconf 94' lang='lat' dir='ltr'>in</span> <span class='ocrx_word' id='word_1_238' title='bbox 443 3442 597 3499; x_wconf 88' lang='lat' dir='ltr'>magnam</span> <span class='ocrx_word' id='word_1_239' title='bbox 619 3421 781 3482; x_wconf 89' lang='lat' dir='ltr'>laetitiam</span> <span class='ocrx_word' id='word_1_240' title='bbox 804 3440 845 3481; x_wconf 83' lang='lat' dir='ltr'>ex</span> <span class='ocrx_word' id='word_1_241' title='bbox 868 3441 986 3498; x_wconf 84' lang='lat' dir='ltr'>magno</span> <span class='ocrx_word' id='word_1_242' title='bbox 1011 3429 1102 3484; x_wconf 94' lang='lat' dir='ltr'>metu</span> <span class='ocrx_word' id='word_1_243' title='bbox 1126 3444 1196 3485; x_wconf 89' lang='lat' dir='ltr'>ver-</span> 
     </span>
     <span class='ocr_line' id='line_1_33' title="bbox 100 3520 1197 3600; baseline -0.004 -14"><span class='ocrx_word' id='word_1_244' title='bbox 100 3530 232 3600; x_wconf 89' lang='lat' dir='ltr'>8teret,</span> <span class='ocrx_word' id='word_1_245' title='bbox 264 3522 383 3584; x_wconf 87' lang='lat' dir='ltr'>litteris</span> <span class='ocrx_word' id='word_1_246' title='bbox 415 3520 631 3582; x_wconf 89' lang='lat' dir='ltr'>Hasdrubalis</span> <span class='ocrx_word' id='word_1_247' title='bbox 662 3520 804 3581; x_wconf 88' lang='lat' dir='ltr'>Romam</span> <span class='ocrx_word' id='word_1_248' title='bbox 835 3520 877 3581; x_wconf 90' lang='lat' dir='ltr'>ad</span> <span class='ocrx_word' id='word_1_249' title='bbox 908 3526 1060 3581; x_wconf 91' lang='lat' dir='ltr'>senatum</span> <span class='ocrx_word' id='word_1_250' title='bbox 1092 3523 1197 3584; x_wconf 93' lang='lat' dir='ltr'>missis</span> 
     </span>
    </p>
   </div>
   <div class='ocr_carea' id='block_1_3' title="bbox 0 0 1257 3908">
    <p class='ocr_par' dir='ltr' id='par_1_3' title="bbox 0 0 1257 3908">
     <span class='ocr_line' id='line_1_34' title="bbox 0 0 1257 3908; baseline 0 0"><span class='ocrx_word' id='word_1_251' title='bbox 0 0 1257 3908; x_wconf 95' lang='lat' dir='ltr'> </span> 
     </span>
    </p>
   </div>
  </div>
 </body>
</html>
