2496 3908
77 269 181 319 enies.
198 269 238 330 10,
254 269 308 335 11.]
559 267 649 317 arur
1097 254 1136 318 11

80 443 304 506 Hannibalem
327 463 368 506 ex
390 443 519 506 loedere
543 443 701 505 Romanis
724 442 848 506 dedant
855 464 863 520 3
898 444 1031 506 tertiam
1053 443 1138 521 lega-

79 546 206 608 tionem
240 543 285 605 -ad
322 563 372 606 res
409 543 598 621 Saguntinis
635 543 816 605 reddendas
853 543 1011 605 decerno!
1056 543 1137 605 Cum

80 645 203 706 Hanno
224 649 416 722 perorasset,
439 642 561 704 nemini
582 643 728 704 omnium
751 649 873 705 certare
894 643 1041 705 oratione
1063 651 1186 704 cum11

79 765 118 806 eo
144 763 274 806 necesse
300 743 380 804 fuit:
418 743 500 804 adeo
527 762 627 820 prope
653 742 758 804 omnis
784 748 917 804 senatus
944 742 1139 804 Hannibalis

79 823 167 919 eral3
203 843 420 921 infestiusque
442 841 590 904 locutum
613 842 795 919 arguebant
819 842 1016 905 Hannonem
1039 862 1140 922 quam

80 944 236 1005 Flaccum
253 942 420 1004 Valerium
435 942 581 1020 legatum
598 941 796 1003 Romanum.
842 942 1048 1020 Responsum
1066 943 1140 1005 inde
1161 955 1176 1000 a

79 1043 196 1122 legatis
215 1042 374 1104 Romanis
391 1048 451 1117 est,
471 1041 591 1104 bellum
609 1047 720 1103 ortum
736 1042 779 1103 ab
796 1042 995 1120 Saguntinis,
1015 1061 1080 1103 non
1098 1041 1141 1105 ab

80 1141 269 1204 Hannibale
298 1161 381 1217 esse;
423 1141 582 1219 populum
612 1141 801 1203 Romanum
830 1142 949 1204 iniuste
978 1143 1085 1205 facere
1114 1143 1140 1203 si

80 1241 281 1320 Saguntinos
296 1241 540 1304 vetustissimae
554 1241 870 1320 Carthaginiensium
885 1242 1035 1304 societati
1049 1262 1141 1321 prae-

80 1347 195 1421 ponat.

124 1441 214 1503 Dum
242 1441 384 1503 Romani
413 1448 544 1520 tempus
572 1446 685 1504 terunt
713 1440 931 1518 legationibus
960 1441 1140 1517 mittendis
1163 1432 1215 1493 3)

85 1539 264 1616 Hannibal,
305 1541 382 1619 quia
420 1541 543 1603 fessum
582 1540 720 1603 militem
759 1541 887 1620 proeliis
925 1541 1142 1621 operibusque

82 1639 239 1715 habebat,
260 1660 441 1718 paucorum
460 1641 498 1700 iis
519 1640 646 1703 dierum
665 1640 810 1719 quietem
831 1641 922 1703 dedit
942 1641 1142 1703 stationibus

83 1740 127 1802 ad
156 1740 343 1802 custodiam
370 1741 541 1802 vinearum
569 1740 772 1820 aliorumque
801 1760 936 1819 operum
965 1740 1140 1820 dispositis

85 1830 224 1903 Interim
252 1840 379 1901 animos
406 1859 519 1902 eorum
546 1860 633 1902 nunc
661 1840 709 1901 ira
737 1840 770 1900 in
798 1838 901 1902 hostis
929 1840 1140 1915 stimulanda,

83 1955 171 1997 nunc
198 1954 256 2014 spe
283 1935 504 2013 praemiorum
530 1935 679 1997 accendit
688 1956 695 2010 ;
734 1941 772 1997 ut
800 1955 877 1997 vcro
904 1954 963 2014 pro
991 1935 1178 1998 contione4

83 2035 241 2114 praedam
265 2041 381 2113 captae
403 2033 492 2095 urbis
515 2033 618 2097 edixit
643 2034 784 2096 militum
806 2035 885 2109 fore,
910 2034 991 2097 adeo
1015 2035 1141 2097 accensi

83 2154 197 2198 omncs
214 2140 293 2196 sunt
311 2139 358 2210 ut,
378 2134 404 2195 si
421 2132 588 2212 externplo
605 2135 735 2212 signum
753 2134 870 2196 datum
887 2141 982 2210 esset,
1001 2134 1090 2197 nulla
1109 2134 1142 2196 vi

85 2235 191 2297 resisti
214 2233 382 2296 videretur
403 2253 507 2311 posse.
551 2234 723 2310 Saguntini
746 2240 783 2296 ut
805 2254 825 2295 a
847 2234 975 2312 proeliis
997 2235 1142 2313 quietem
1164 2242 1179 2287 δ

83 2333 270 2396 habuerant
292 2352 351 2396 nec
374 2332 568 2396 lacessentes
590 2352 649 2396 nec
671 2333 811 2396 lacessiti
834 2353 891 2412 per
913 2333 1039 2412 aliquot
1062 2334 1140 2409 dies,

83 2435 130 2498 ita
154 2455 220 2497 non
244 2440 350 2509 nocte,
375 2454 439 2496 non
466 2433 519 2496 die
549 2453 705 2512 umquam
738 2441 942 2496 cessaverant
976 2433 1017 2496 ab
1047 2454 1141 2513 opere

83 2542 120 2598 ut
135 2553 259 2596 novum
281 2553 412 2596 murum
430 2534 471 2595 ab
495 2553 533 2596 ea
555 2541 656 2611 parte,
673 2554 737 2613 qua
752 2534 957 2613 patefactum
984 2533 1141 2613 oppidum

83 2634 183 2696 ruinis
213 2640 293 2709 erat,
325 2633 500 2697 reficerent.
555 2632 636 2695 Inde
660 2635 859 2712 oppugnatio
889 2655 942 2696 eos
973 2634 1178 2712 aliquantoss

84 2734 224 2796 atrocior
251 2753 351 2814 quam
377 2741 453 2796 ante
483 2733 598 2796 adorta
627 2740 686 2809 est,
716 2754 785 2808 nec,
817 2753 882 2812 qua
912 2734 1051 2812 primum
1082 2741 1141 2796 aut

84 2833 291 2912 potissimum
305 2818 398 2912 parte
413 2833 532 2895 ferrent
557 2853 661 2911 opem,
679 2853 753 2895 cum
777 2834 884 2895 omnia
908 2833 1004 2895 variis
1024 2833 1141 2895 clamo-

85 2933 173 2996 ribus
201 2939 394 3012 streperent„
419 2934 499 2995 satis
532 2932 613 2995 scire
641 2940 801 3012 poterant.
856 2933 931 3012 Ipse
965 2932 1177 3007 Hanniball

85 3052 149 3112 qua
166 3033 263 3096 turris
280 3032 407 3094 mobilis
426 3033 539 3094 omnia
562 3032 763 3095 munimenta
784 3032 871 3095 urbis
892 3052 1045 3112 superans
1069 3032 1140 3095 alti-

86 3132 199 3195 tudine
227 3132 394 3210 agebatur,
425 3131 574 3195 hortator
610 3131 732 3195 aderat.
791 3131 880 3205 Quae
905 3152 978 3194 cum
1007 3132 1141 3195 admota

85 3229 264 3311 catapultis
302 3230 506 3310 ballistisque
545 3250 603 3309 per
639 3231 749 3293 omnia
787 3231 939 3293 tabulata
978 3231 1141 3310 dispositis

85 3351 195 3394 muros
217 3330 441 3394 defensoribus
462 3330 629 3405 nudasset,
653 3336 726 3392 tum
749 3330 916 3392 Hannibal
938 3331 1142 3393 occasionem
1163 3341 1178 3387 a

85 3438 177 3494 ratus
204 3430 402 3510 quingentos
429 3430 531 3493 ferme
559 3430 655 3492 Afros
684 3449 759 3491 cum
787 3429 929 3492 dolabris
956 3430 1000 3492 ad
1027 3428 1140 3492 subru-

84 3531 207 3594 endum
232 3529 275 3592 ab
299 3530 365 3592 imo
390 3549 521 3592 murum
546 3530 661 3592 mittit.
707 3529 774 3592 Nec
798 3536 869 3592 erat
895 3528 1023 3591 difficile
1048 3549 1142 3607 opus,
