2496 3908
94 278 197 328 Cnnra
210 279 251 339 tr,
266 279 307 338 58,
323 278 377 343 ta]
580 277 670 326 LIVY
1114 269 1154 332 61

93 453 202 528 exiis,
221 453 278 532 qui
296 451 418 530 proelio
435 451 478 514 ad
495 451 648 515 Trebiam
665 452 754 514 facto
771 452 1010 531 superfuerant,
1029 444 1155 534 septem
1206 531 1208 534 .

92 552 272 631 absumpti.

136 653 316 730 Degressus
338 651 534 731 Appennino
556 658 643 715 retro
666 652 709 714 ad
731 651 934 715 Placentiam
956 660 1063 717 castra
1085 675 1153 717 mo·
1162 669 1205 719 59

92 752 143 814 vit
166 759 201 815 et
225 751 268 813 ad
289 751 403 814 decem
425 751 515 813 milia
536 771 723 830 progressus
744 753 901 815 consedit.
946 754 1081 817 Postero
1102 755 1154 818 die

92 851 270 914 duodecim
288 851 378 912 milia
396 851 555 930 peditum,
576 852 721 930 quinque
739 853 889 930 equitum
907 854 1064 916 adversus
1082 854 1155 917 hos-

92 960 163 1014 tem
185 951 293 1026 duoit;
327 951 448 1066 110ch
508 951 619 1013 ronius
641 951 806 1013 consul-
765 952 886 1013 -iam
906 953 994 1014 enim
1015 954 1190 1019 redierata

90 1052 134 1114 ab
168 1050 331 1113 Roma—
345 971 544 1113 debeclibit
577 1057 752 1113 certamen.
798 1053 907 1131 Atque
938 1073 976 1115 eo
1009 1054 1061 1116 die
1092 1055 1155 1117 tria

91 1150 184 1212 milia
208 1169 368 1229 passuum
390 1151 424 1210 in
426 1156 477 1213 ter
426 1150 578 1213 tbina
603 1158 710 1213 castra
734 1151 840 1228 fuere,·
877 1158 1007 1231 postero
1032 1154 1115 1216 die
1108 1175 1155 1214 ru·
1175 1172 1190 1215 3

89 1250 248 1330 gentibus
284 1250 401 1312 animis
437 1250 528 1312 vario
563 1257 685 1314 eventu
721 1258 906 1330 pugnatum
940 1259 1000 1315 est.
1045 1254 1154 1315 Primo

90 1369 255 1413 concursu
284 1350 367 1412 adeo
396 1370 446 1413 res
475 1350 627 1413 Romana
656 1351 803 1429 superior
830 1350 895 1414 fuit
924 1358 962 1414 ut
991 1372 1057 1414 non
1087 1354 1155 1416 acie

90 1450 265 1513 vincerent
283 1449 399 1526 solum,
418 1450 475 1512 sed
493 1450 603 1529 pulsos
621 1450 731 1512 hostes
749 1451 782 1510 in
802 1458 908 1513 castra
927 1471 1155 1531 persequeren-
1235 1470 1237 1474 ⁴

90 1557 158 1626 tur,
183 1570 263 1611 mox
284 1556 391 1612 castra
414 1569 546 1630 quoque
568 1557 807 1629 oppugnarent.
853 1551 1020 1613 Hannibal
1043 1553 1154 1631 paucis
1174 1568 1189 1611 4

91 1649 395 1730 propugnatoribus
420 1649 454 1710 in
481 1650 568 1711 vallo
594 1650 762 1729 portisque
789 1651 904 1728 positis
931 1659 1054 1714 ceteros
1081 1673 1155 1714 con-

89 1750 196 1812 fertos
224 1749 257 1810 in
285 1750 393 1812 media
421 1756 529 1812 castra
557 1750 688 1829 recepit,
718 1751 928 1829 intentosque
956 1752 1084 1829 signum
1112 1753 1155 1814 ad

90 1849 334 1929 erumpendum
365 1856 556 1929 exspectare
587 1850 689 1912 iubet.
731 1839 807 1912 ‘lam
839 1872 926 1913 nona
957 1853 1059 1914 ferme
1091 1853 1189 1914 dieis

90 1950 175 2013 hora
189 1958 272 2025 erat,
288 1968 364 2013 curn
377 1950 549 2012 Romanus
563 1951 765 2030 nequiquam
779 1951 920 2029 fatigato
935 1952 1048 2027 milite,
1065 1959 1154 2031 post-

91 2070 196 2130 quam
220 2048 310 2112 nulla
335 2069 407 2129 spes
432 2057 503 2113 erat
528 2051 679 2129 potiundi
706 2051 829 2127 castris,
855 2051 984 2128 signum
1009 2052 1152 2131 receptui

91 2150 196 2213 dedit.
241 2149 338 2226 Quod
364 2148 425 2211 ubi'
448 2149 614 2211 Hannibal
634 2151 760 2228 accepit
777 2150 990 2230 laxatamque
1008 2172 1154 2230 pugnam
1173 2167 1188 2211 6

90 2258 126 2313 et
154 2269 317 2312 recessum
343 2269 362 2311 a
389 2250 504 2312 castris
530 2250 624 2326 vidit,
652 2251 818 2330 extemplo
844 2251 1010 2329 equitibus
1038 2252 1153 2313 dextra

91 2350 255 2429 laevaque
283 2350 408 2413 emissis
437 2351 471 2410 in
500 2348 629 2413 hostem
658 2352 726 2429 ipse
757 2369 831 2412 cum
861 2351 1010 2429 peditum
1039 2352 1153 2414 robore

92 2450 210 2512 mediis
233 2451 347 2512 castris
368 2451 486 2562 erupit.
532 2451 646 2528 Pugna
668 2471 741 2512 raro
763 2451 866 2528 magis
888 2450 953 2512 ulla
974 2471 1072 2513 saeva
1094 2457 1152 2512 aut
1173 2466 1187 2512 7

91 2550 266 2629 utriusque
290 2557 365 2628 part
367 2549 394 2611 is
418 2549 559 2629 pernicie
551 2550 703 2668 plagiop
721 2550 847 2625 fuisset,
823 2551 898 2612 tsi
923 2551 1056 2613 extendi
1079 2571 1153 2612 earn

92 2648 191 2711 dies
183 2668 218 2710 1n
237 2649 372 2727 longum
392 2650 538 2728 spatium
551 2635 703 2712 sivisset:
735 2670 802 2710 nox
822 2670 994 2711 accensum
1015 2651 1153 2728 ingenti·
1173 2664 1187 2707 s

91 2749 154 2810 bus
182 2748 301 2810 animis
328 2748 488 2829 proelium
515 2749 655 2811 diremit.
632 2750 821 2828 ttlaque
848 2750 952 2811 acrior
980 2769 1153 2811 concursus

92 2847 158 2909 fuit
177 2866 279 2927 quam
298 2848 473 2933 caedeset,
493 2847 578 2910 sicut
596 2855 739 2927 aequata
757 2849 858 2910 ferme
877 2869 986 2927 pugna
1005 2855 1085 2924 erat,
1105 2849 1152 2910 ita

94 2946 186 3008 clade
220 2948 290 3026 pari
323 2940 501 3010 discessum
533 2955 593 3010 est.
639 2948 689 3009 Ab
723 2955 840 3010 neutra
873 2956 966 3027 parte
999 2949 1152 3012 sescentis

93 3046 167 3126 plus
195 3046 362 3124 peditibus
389 3053 423 3108 et
451 3046 624 3108 dimidium
650 3048 719 3109 eius
746 3048 896 3125 equitum
925 3048 1056 3124 cecidit3
1096 3048 1188 3110 seda

94 3145 199 3207 maior
229 3145 389 3207 Romanis
420 3166 521 3225 quam
553 3167 611 3224 pro
643 3167 778 3209 numero
810 3148 936 3209 iactura
968 3148 1042 3223 fuit,
1075 3148 1152 3226 quia

93 3245 254 3324 equestris
278 3245 401 3307 ordinis
425 3245 551 3324 aliquot
576 3253 648 3308 ett
635 3246 757 3308 tribuni
783 3247 926 3308 militum
950 3248 1095 3338 quinque
1119 3254 1152 3309 et

95 3345 250 3422 praefecti
275 3345 437 3406 sociorum
460 3353 526 3407 tres
549 3347 657 3407 sunt
651 3354 699 3408 rnt
686 3346 824 3408 ttierfec
869 3333 1056 3408 Secundum·
1079 3355 1201 3409 eam10

95 3462 239 3521 pugnarn
266 3444 467 3506 Hannibal
461 3465 493 3504 rn
520 3445 662 3523 Ligures,
690 3447 900 3523 Sempronius
927 3447 1051 3507 Lucam
1078 3466 1152 3507 con-

96 3542 199 3605 cessit.
245 3543 398 3607 Venienti
420 3543 454 3604 in
471 3544 603 3622 Ligures
620 3544 798 3606 Hannibali
819 3565 876 3622 per
898 3544 1030 3605 insidias
1053 3545 1151 3606 inter-
