2496 3908
135 248 177 312 50
618 257 709 307 mvr
1007 257 1177 324 [soonxxi

136 434 219 496 circa
245 432 388 496 Siciliam
414 432 600 511 insulasque
626 431 743 494 Italiae
769 433 977 496 imminentes
1002 440 1037 496 et
1062 454 1082 496 a
1105 435 1180 498 Sem-

135 530 249 614 pionio
282 532 412 594 consule
442 538 475 594 et
507 539 584 594 ante
615 532 798 594 adventum
829 533 897 595 eius
929 540 1016 595 terra
1048 534 1181 614 marique

100 648 185 696 ares
218 638 338 711 gestae.
384 631 508 710 Viginti
543 632 792 711 quinqueremes
828 651 901 694 cum
936 632 1025 696 mille
1060 633 1182 696 armatis

135 733 177 794 ad
218 731 483 811 depopulandam
523 751 614 793 oram
655 731 773 794 Italiae
812 752 831 793 a
871 731 1183 812 Carthaginiensibus

135 833 266 908 missae,
301 851 421 893 novem
444 831 589 909 Liparas,
613 838 689 893 octo
711 831 916 925 adminsulam
938 832 1080 895 Vulcani
1102 840 1183 896 tenu·

99 947 115 992 3
135 938 240 1007 erunt,
263 938 328 993 tres
350 931 382 991 in
402 931 525 993 iretum
546 931 668 992 avertit
689 904 808 993 a‘e‘s'tus.
853 931 981 994 Adeas
1004 939 1184 1013 conspectas

135 1053 154 1094 a
181 1032 329 1093 Messana
356 1030 528 1092 duodecim
555 1049 656 1092 naves
682 1030 724 1092 ab
751 1031 894 1093 Hierone
919 1051 993 1110 rege
1019 1033 1184 1111 Syracusa

135 1151 251 1194 norum
279 1131 406 1206 missae,
436 1131 492 1211 qui
521 1136 593 1192 tum
620 1130 705 1192 forte
734 1131 902 1193 Messanae
929 1137 1001 1194 erat
1029 1133 1185 1195 consulem

135 1231 323 1293 Romanum
360 1202 540 1308 opileliiiiis,
578 1230 667 1291 nullo
704 1237 906 1309 repugnante
943 1237 1059 1310 captas
1095 1251 1185 1294 naves

99 1342 115 1386 4
136 1331 331 1433 Messanam¹
345 1330 377 1403 in
403 1335 536 1408 portum
561 1329 779 1392 deduxerunt.
823 1330 1000 1408 Cognitum
1024 1344 1068 1394 ex
1094 1331 1186 1411 capti·
1227 1322 1229 1327 ’

135 1430 184 1492 vis
205 1412 488 1509 'piaeter“viginti
518 1449 629 1505 naves,
661 1430 751 1491 cuius
781 1429 842 1510 ipsi
872 1430 982 1493 classis
1011 1438 1131 1509 essent,
1158 1432 1185 1492 in

136 1514 418 1605 Italiam‘''missas,
445 1529 590 1609 quinque
616 1535 648 1591 et
675 1530 811 1608 triginta
837 1530 917 1592 alias
943 1530 1186 1610 quinqueremes

99 1630 277 1693 ⁵Siciliam
310 1635 419 1708 petere
452 1629 495 1691 ad
528 1629 750 1691 sollicitandos
783 1635 909 1692 veteres
941 1630 1062 1708 socios;
1108 1631 1187 1709 Lily·

136 1730 207 1791 baei
231 1729 412 1807 occupandi
436 1729 646 1807 praecipuam
670 1748 782 1790 curam
805 1749 889 1806 esse,·
926 1729 1056 1793 credere
1079 1731 1187 1794 eadem

135 1835 342 1908 tempestate,
364 1847 428 1906 qua
449 1829 509 1907 ipsi
529 1828 655 1890 disiecti
674 1828 793 1904 forent,
813 1848 886 1890 eam
906 1849 1038 1909 quoque
1058 1831 1187 1893 classem

100 1938 114 1981 6
135 1928 332 2021 ad⁶Aegatis
356 1927 477 1988 insulas
500 1928 670 1989 deiectam.
717 1929 817 2003 Haec,
841 1929 926 1990 sicut
949 1928 1065 1992 audita
1088 1936 1187 2005 erant,

136 2048 192 2090 rex
209 2029 251 2089 M.
272 2027 409 2089 Aemilio
427 2027 579 2105 praetori,
600 2028 690 2089 cuius
709 2027 816 2089 Sicilia
826 2028 1002 2106 =provincia
1020 2036 1104 2106 erat,
1123 2050 1188 2110 per·

135 2127 246 2189 scribit
270 2133 447 2206 monetque
471 2133 508 2188 ut
534 2126 726 2203 Lilybaeum
750 2128 843 2188 firmo
868 2134 994 2190 teneret
1017 2130 1188 2207 praesidio.
1227 2204 1229 2219 ἱ

99 2235 114 2282 7
136 2227 311 2305 Extemplo
329 2232 362 2288 et
383 2227 465 2288 circa
486 2227 636 2288 civitates
655 2246 674 2286 a
693 2233 843 2305 praetore
862 2218 951 2289 missi
970 2228 1071 2306 legati
1090 2224 1229 2317 tribu-,l

135 2327 242 2405 nique,
258 2327 313 2405 qui
332 2346 407 2388 suos
425 2326 467 2388 ad
489 2347 599 2387 curam
630 2326 797 2388 custodiae
828 2328 1044 2404 intenderent,
1060 2335 1096 2391 et
1116 2302 1229 2417 ant&l

135 2426 244 2487 omnia
265 2425 458 2503 Lilybaeum
479 2426 581 2487 teneri
605 2432 767 2504 apparatu
791 2426 878 2515 belli,
894 2427 1002 2511 edicto
1023 2431 1190 2507 proposito

135 2532 172 2587 ut
189 2525 266 2586 socii
297 2525 432 2587 navales
456 2525 568 2587 decem
597 2525 723 2586 dierum
756 2533 848 2587 cocta
881 2527 1001 2588 cibaria
1024 2527 1068 2588 ad
1092 2548 1191 2591 naves

100 2625 297 2687 8deierrent
320 2631 368 2699 ut,
396 2624 454 2685 ubi
480 2625 608 2702 signum
635 2624 752 2685 datum
778 2632 872 2701 esset,
898 2646 938 2687 ne
962 2627 1040 2704 quid
1065 2647 1190 2690 moram

137 2725 371 2786 conscendendi
382 2725 520 2800 faceret;
552 2744 674 2803 perque
686 2745 816 2786 omnem
829 2740 920 2786 oram
933 2727 988 2804 qui
1000 2746 1042 2788 ex
1052 2728 1190 2806 speculis

100 2842 116 2886 s
136 2825 355 2903 prospicerent
367 2824 605 2886 adventantem
617 2824 761 2886 hostium
775 2825 910 2887 classem
922 2826 1021 2887 missi.
1060 2827 1189 2908 Itaque,

136 2943 337 3003 quamquam
367 2924 407 2985 de
437 2924 597 2985 industria
628 2925 674 2986 ita
704 2925 865 2987 moderati
896 2944 1025 2987 cursum
1055 2929 1189 2990 navium

136 3031 229 3086 erant
259 3024 541 3102 Carthaginienses
571 3030 609 3085 ut
639 3031 717 3087 ante
746 3025 852 3086 lucem
883 3026 1074 3088 accederent
1104 3027 1190 3106 Lily-

136 3124 264 3199 baeum,
286 3143 495 3203 praesensum
515 3129 627 3185 tamen
647 3130 706 3199 est,
728 3125 805 3203 quia
825 3130 858 3186 et
878 3125 955 3186 luna
976 3146 1101 3204 pernox
1120 3133 1189 3190 erat

87 3239 116 3285 10
136 3230 169 3286 et
189 3223 326 3285 sublatis
347 3206 558 3284 armdmentis
579 3223 771 3285 veniebant:
804 3225 969 3303 externplo
990 3226 1108 3288 datum
1128 3228 1188 3306 sig-

136 3343 216 3384 num
236 3343 277 3385 ex
296 3323 433 3402 speculis
454 3328 486 3384 et
507 3323 540 3382 in
562 3323 682 3401 oppido
704 3323 746 3385 ad
766 3343 857 3384 arma
879 3325 1121 3388 conclamatum
1141 3332 1188 3389 est

137 3429 170 3485 et
194 3423 226 3483 in
249 3442 349 3484 naves
374 3441 584 3484 conscensum
592 3442 600 3498 ;
636 3443 711 3501 pars
734 3422 876 3484 militurn
899 3424 933 3483 in
956 3426 1057 3487 muris
1080 3433 1187 3505 porta-

88 3536 116 3582 11
138 3541 274 3602 rumque
296 3521 503 3596 stationibus,
526 3541 602 3600 pars
624 3522 657 3582 in
679 3522 818 3584 navibus
840 3528 943 3584 erant.
988 3524 1033 3585 Et
1054 3525 1186 3588 Cartha·
